{"symbol":"BTCUSDT","exchange":"binance_perps","analysis":{"timestamp":"2025-09-20T17:35:14.179694","symbol":"BTCUSDT","exchange":"binance_perps","pattern_analysis":{"round_number_orders":[{"side":"bid","price":115820.0,"volume":0.002,"timestamp":"2025-09-20T17:34:54.930391+00:00"},{"side":"bid","price":115820.0,"volume":0.418,"timestamp":"2025-09-20T17:33:41.350442+00:00"},{"side":"ask","price":115830.0,"volume":0.024,"timestamp":"2025-09-20T17:32:41.365322+00:00"},{"side":"bid","price":115790.0,"volume":0.112,"timestamp":"2025-09-20T17:29:52.145858+00:00"},{"side":"ask","price":115800.0,"volume":0.002,"timestamp":"2025-09-20T17:28:00.942164+00:00"},{"side":"ask","price":115820.0,"volume":1.093,"timestamp":"2025-09-20T17:27:00.543084+00:00"},{"side":"ask","price":115820.0,"volume":1.093,"timestamp":"2025-09-20T17:26:00.946447+00:00"},{"side":"ask","price":115820.0,"volume":0.092,"timestamp":"2025-09-20T17:25:00.955021+00:00"},{"side":"ask","price":115820.0,"volume":0.092,"timestamp":"2025-09-20T17:24:00.945060+00:00"},{"side":"ask","price":115820.0,"volume":0.068,"timestamp":"2025-09-20T17:23:00.877558+00:00"},{"side":"bid","price":115850.0,"volume":0.669,"timestamp":"2025-09-20T17:20:00.958607+00:00"},{"side":"ask","price":115770.0,"volume":0.005,"timestamp":"2025-09-20T17:16:38.523945+00:00"},{"side":"ask","price":115790.0,"volume":0.001,"timestamp":"2025-09-20T17:15:38.515632+00:00"},{"side":"bid","price":115870.0,"volume":0.006,"timestamp":"2025-09-20T17:13:55.914703+00:00"},{"side":"bid","price":115890.0,"volume":0.09,"timestamp":"2025-09-20T17:12:56.493350+00:00"},{"side":"bid","price":115920.0,"volume":0.008,"timestamp":"2025-09-20T17:10:55.957231+00:00"}],"symmetric_orders":[{"volume":0.002,"bid_price":115819.8,"ask_price":115825.6,"spread":5.80000000000291,"timestamp":"2025-09-20T17:34:54.930391+00:00"},{"volume":0.003,"bid_price":115821.3,"ask_price":115825.2,"spread":3.8999999999941792,"timestamp":"2025-09-20T17:34:54.930391+00:00"},{"volume":0.001,"bid_price":115821.0,"ask_price":115825.5,"spread":4.5,"timestamp":"2025-09-20T17:34:54.930391+00:00"},{"volume":0.008,"bid_price":115819.9,"ask_price":115825.8,"spread":5.900000000008731,"timestamp":"2025-09-20T17:34:54.930391+00:00"},{"volume":0.002,"bid_price":115819.5,"ask_price":115824.4,"spread":4.899999999994179,"timestamp":"2025-09-20T17:33:41.350442+00:00"},{"volume":0.001,"bid_price":115819.3,"ask_price":115825.4,"spread":6.099999999991269,"timestamp":"2025-09-20T17:33:41.350442+00:00"},{"volume":0.004,"bid_price":115821.5,"ask_price":115825.1,"spread":3.6000000000058208,"timestamp":"2025-09-20T17:33:41.350442+00:00"},{"volume":0.008,"bid_price":115819.9,"ask_price":115825.7,"spread":5.80000000000291,"timestamp":"2025-09-20T17:33:41.350442+00:00"},{"volume":0.028,"bid_price":115819.8,"ask_price":115825.6,"spread":5.80000000000291,"timestamp":"2025-09-20T17:33:41.350442+00:00"},{"volume":0.004,"bid_price":115827.1,"ask_price":115829.5,"spread":2.3999999999941792,"timestamp":"2025-09-20T17:32:41.365322+00:00"},{"volume":0.001,"bid_price":115824.7,"ask_price":115829.8,"spread":5.100000000005821,"timestamp":"2025-09-20T17:32:41.365322+00:00"},{"volume":0.002,"bid_price":115825.0,"ask_price":115830.3,"spread":5.30000000000291,"timestamp":"2025-09-20T17:32:41.365322+00:00"},{"volume":1.915,"bid_price":115824.8,"ask_price":115829.2,"spread":4.399999999994179,"timestamp":"2025-09-20T17:32:41.365322+00:00"},{"volume":0.002,"bid_price":115823.9,"ask_price":115828.4,"spread":4.5,"timestamp":"2025-09-20T17:31:41.934145+00:00"},{"volume":0.001,"bid_price":115826.7,"ask_price":115829.8,"spread":3.1000000000058208,"timestamp":"2025-09-20T17:31:41.934145+00:00"},{"volume":0.004,"bid_price":115826.1,"ask_price":115829.5,"spread":3.3999999999941792,"timestamp":"2025-09-20T17:31:41.934145+00:00"},{"volume":0.003,"bid_price":115825.1,"ask_price":115828.6,"spread":3.5,"timestamp":"2025-09-20T17:31:41.934145+00:00"},{"volume":0.046,"bid_price":115824.6,"ask_price":115829.4,"spread":4.7999999999883585,"timestamp":"2025-09-20T17:31:41.934145+00:00"},{"volume":0.004,"bid_price":115791.1,"ask_price":115793.7,"spread":2.599999999991269,"timestamp":"2025-09-20T17:29:52.145858+00:00"},{"volume":0.002,"bid_price":115790.3,"ask_price":115794.3,"spread":4.0,"timestamp":"2025-09-20T17:29:52.145858+00:00"},{"volume":0.044,"bid_price":115789.9,"ask_price":115792.9,"spread":3.0,"timestamp":"2025-09-20T17:29:52.145858+00:00"},{"volume":0.05,"bid_price":115788.7,"ask_price":115792.8,"spread":4.100000000005821,"timestamp":"2025-09-20T17:29:52.145858+00:00"},{"volume":0.002,"bid_price":115796.8,"ask_price":115801.9,"spread":5.099999999991269,"timestamp":"2025-09-20T17:28:00.942164+00:00"},{"volume":0.006,"bid_price":115798.4,"ask_price":115801.8,"spread":3.400000000008731,"timestamp":"2025-09-20T17:28:00.942164+00:00"},{"volume":0.001,"bid_price":115797.5,"ask_price":115799.6,"spread":2.1000000000058208,"timestamp":"2025-09-20T17:28:00.942164+00:00"},{"volume":0.001,"bid_price":115815.8,"ask_price":115821.1,"spread":5.30000000000291,"timestamp":"2025-09-20T17:27:00.543084+00:00"},{"volume":0.044,"bid_price":115815.2,"ask_price":115820.9,"spread":5.69999999999709,"timestamp":"2025-09-20T17:27:00.543084+00:00"},{"volume":0.002,"bid_price":115815.5,"ask_price":115820.7,"spread":5.19999999999709,"timestamp":"2025-09-20T17:27:00.543084+00:00"},{"volume":0.002,"bid_price":115815.5,"ask_price":115820.7,"spread":5.19999999999709,"timestamp":"2025-09-20T17:26:00.946447+00:00"},{"volume":0.002,"bid_price":115815.5,"ask_price":115820.7,"spread":5.19999999999709,"timestamp":"2025-09-20T17:25:00.955021+00:00"},{"volume":0.001,"bid_price":115814.9,"ask_price":115821.1,"spread":6.2000000000116415,"timestamp":"2025-09-20T17:25:00.955021+00:00"},{"volume":0.004,"bid_price":115815.9,"ask_price":115818.6,"spread":2.7000000000116415,"timestamp":"2025-09-20T17:24:00.945060+00:00"},{"volume":0.002,"bid_price":115815.5,"ask_price":115820.7,"spread":5.19999999999709,"timestamp":"2025-09-20T17:24:00.945060+00:00"},{"volume":0.001,"bid_price":115815.0,"ask_price":115820.2,"spread":5.19999999999709,"timestamp":"2025-09-20T17:24:00.945060+00:00"},{"volume":0.002,"bid_price":115816.6,"ask_price":115818.5,"spread":1.8999999999941792,"timestamp":"2025-09-20T17:23:00.877558+00:00"},{"volume":0.001,"bid_price":115816.3,"ask_price":115819.3,"spread":3.0,"timestamp":"2025-09-20T17:23:00.877558+00:00"},{"volume":0.005,"bid_price":115815.0,"ask_price":115819.1,"spread":4.100000000005821,"timestamp":"2025-09-20T17:23:00.877558+00:00"},{"volume":0.044,"bid_price":115814.3,"ask_price":115819.7,"spread":5.399999999994179,"timestamp":"2025-09-20T17:23:00.877558+00:00"},{"volume":0.006,"bid_price":115814.4,"ask_price":115817.9,"spread":3.5,"timestamp":"2025-09-20T17:23:00.877558+00:00"},{"volume":0.001,"bid_price":115824.0,"ask_price":115828.0,"spread":4.0,"timestamp":"2025-09-20T17:22:00.953638+00:00"},{"volume":0.002,"bid_price":115823.7,"ask_price":115828.4,"spread":4.69999999999709,"timestamp":"2025-09-20T17:22:00.953638+00:00"},{"volume":0.003,"bid_price":115825.0,"ask_price":115827.6,"spread":2.6000000000058208,"timestamp":"2025-09-20T17:22:00.953638+00:00"},{"volume":0.044,"bid_price":115823.9,"ask_price":115828.3,"spread":4.400000000008731,"timestamp":"2025-09-20T17:22:00.953638+00:00"},{"volume":0.004,"bid_price":115825.0,"ask_price":115829.0,"spread":4.0,"timestamp":"2025-09-20T17:21:01.350158+00:00"},{"volume":0.001,"bid_price":115823.5,"ask_price":115828.7,"spread":5.19999999999709,"timestamp":"2025-09-20T17:21:01.350158+00:00"},{"volume":0.002,"bid_price":115823.7,"ask_price":115828.4,"spread":4.69999999999709,"timestamp":"2025-09-20T17:21:01.350158+00:00"},{"volume":0.005,"bid_price":115823.8,"ask_price":115826.5,"spread":2.6999999999970896,"timestamp":"2025-09-20T17:21:01.350158+00:00"},{"volume":0.002,"bid_price":115847.8,"ask_price":115853.9,"spread":6.099999999991269,"timestamp":"2025-09-20T17:20:00.958607+00:00"},{"volume":0.001,"bid_price":115849.7,"ask_price":115853.6,"spread":3.900000000008731,"timestamp":"2025-09-20T17:20:00.958607+00:00"},{"volume":0.004,"bid_price":115849.3,"ask_price":115851.7,"spread":2.3999999999941792,"timestamp":"2025-09-20T17:20:00.958607+00:00"},{"volume":0.005,"bid_price":115766.1,"ask_price":115770.0,"spread":3.8999999999941792,"timestamp":"2025-09-20T17:16:38.523945+00:00"},{"volume":0.004,"bid_price":115764.9,"ask_price":115768.3,"spread":3.400000000008731,"timestamp":"2025-09-20T17:16:38.523945+00:00"},{"volume":0.001,"bid_price":115764.4,"ask_price":115769.8,"spread":5.400000000008731,"timestamp":"2025-09-20T17:16:38.523945+00:00"},{"volume":0.002,"bid_price":115783.8,"ask_price":115790.6,"spread":6.80000000000291,"timestamp":"2025-09-20T17:15:38.515632+00:00"},{"volume":0.001,"bid_price":115783.6,"ask_price":115790.9,"spread":7.2999999999883585,"timestamp":"2025-09-20T17:15:38.515632+00:00"},{"volume":0.007,"bid_price":115784.1,"ask_price":115791.2,"spread":7.099999999991269,"timestamp":"2025-09-20T17:15:38.515632+00:00"},{"volume":0.002,"bid_price":115869.1,"ask_price":115874.8,"spread":5.69999999999709,"timestamp":"2025-09-20T17:13:55.914703+00:00"},{"volume":0.001,"bid_price":115869.6,"ask_price":115875.4,"spread":5.7999999999883585,"timestamp":"2025-09-20T17:13:55.914703+00:00"},{"volume":0.003,"bid_price":115889.8,"ask_price":115892.4,"spread":2.599999999991269,"timestamp":"2025-09-20T17:12:56.493350+00:00"},{"volume":0.002,"bid_price":115887.8,"ask_price":115891.8,"spread":4.0,"timestamp":"2025-09-20T17:12:56.493350+00:00"},{"volume":0.004,"bid_price":115886.8,"ask_price":115891.9,"spread":5.099999999991269,"timestamp":"2025-09-20T17:12:56.493350+00:00"},{"volume":0.001,"bid_price":115887.3,"ask_price":115893.0,"spread":5.69999999999709,"timestamp":"2025-09-20T17:12:56.493350+00:00"},{"volume":0.002,"bid_price":115921.0,"ask_price":115925.7,"spread":4.69999999999709,"timestamp":"2025-09-20T17:11:55.839119+00:00"},{"volume":0.006,"bid_price":115922.7,"ask_price":115924.2,"spread":1.5,"timestamp":"2025-09-20T17:11:55.839119+00:00"},{"volume":0.001,"bid_price":115922.6,"ask_price":115925.9,"spread":3.2999999999883585,"timestamp":"2025-09-20T17:11:55.839119+00:00"},{"volume":0.044,"bid_price":115920.7,"ask_price":115926.2,"spread":5.5,"timestamp":"2025-09-20T17:11:55.839119+00:00"},{"volume":0.005,"bid_price":115922.1,"ask_price":115926.6,"spread":4.5,"timestamp":"2025-09-20T17:11:55.839119+00:00"},{"volume":0.004,"bid_price":115920.9,"ask_price":115926.3,"spread":5.400000000008731,"timestamp":"2025-09-20T17:11:55.839119+00:00"},{"volume":0.002,"bid_price":115920.6,"ask_price":115925.7,"spread":5.099999999991269,"timestamp":"2025-09-20T17:10:55.957231+00:00"},{"volume":0.006,"bid_price":115922.8,"ask_price":115926.6,"spread":3.8000000000029104,"timestamp":"2025-09-20T17:10:55.957231+00:00"},{"volume":0.026,"bid_price":115922.7,"ask_price":115925.3,"spread":2.6000000000058208,"timestamp":"2025-09-20T17:10:55.957231+00:00"},{"volume":0.001,"bid_price":115922.6,"ask_price":115925.9,"spread":3.2999999999883585,"timestamp":"2025-09-20T17:10:55.957231+00:00"},{"volume":0.004,"bid_price":115920.9,"ask_price":115926.3,"spread":5.400000000008731,"timestamp":"2025-09-20T17:10:55.957231+00:00"},{"volume":0.003,"bid_price":115920.4,"ask_price":115925.8,"spread":5.400000000008731,"timestamp":"2025-09-20T17:10:55.957231+00:00"},{"volume":0.002,"bid_price":115920.6,"ask_price":115926.9,"spread":6.2999999999883585,"timestamp":"2025-09-20T17:09:55.915243+00:00"},{"volume":0.006,"bid_price":115922.7,"ask_price":115924.2,"spread":1.5,"timestamp":"2025-09-20T17:09:55.915243+00:00"},{"volume":0.001,"bid_price":115922.6,"ask_price":115925.9,"spread":3.2999999999883585,"timestamp":"2025-09-20T17:09:55.915243+00:00"},{"volume":0.011,"bid_price":115921.1,"ask_price":115923.7,"spread":2.599999999991269,"timestamp":"2025-09-20T17:09:55.915243+00:00"},{"volume":0.004,"bid_price":115920.9,"ask_price":115926.3,"spread":5.400000000008731,"timestamp":"2025-09-20T17:09:55.915243+00:00"},{"volume":0.003,"bid_price":115920.4,"ask_price":115925.8,"spread":5.400000000008731,"timestamp":"2025-09-20T17:09:55.915243+00:00"},{"volume":0.004,"bid_price":115920.9,"ask_price":115926.3,"spread":5.400000000008731,"timestamp":"2025-09-20T17:08:55.834345+00:00"},{"volume":0.002,"bid_price":115920.6,"ask_price":115926.9,"spread":6.2999999999883585,"timestamp":"2025-09-20T17:08:55.834345+00:00"},{"volume":0.001,"bid_price":115922.6,"ask_price":115927.0,"spread":4.399999999994179,"timestamp":"2025-09-20T17:08:55.834345+00:00"},{"volume":0.008,"bid_price":115921.6,"ask_price":115923.8,"spread":2.1999999999970896,"timestamp":"2025-09-20T17:08:55.834345+00:00"},{"volume":0.002,"bid_price":115921.0,"ask_price":115925.7,"spread":4.69999999999709,"timestamp":"2025-09-20T17:07:56.463884+00:00"},{"volume":0.001,"bid_price":115921.3,"ask_price":115927.0,"spread":5.69999999999709,"timestamp":"2025-09-20T17:07:56.463884+00:00"},{"volume":0.004,"bid_price":115920.9,"ask_price":115923.8,"spread":2.900000000008731,"timestamp":"2025-09-20T17:07:56.463884+00:00"},{"volume":0.002,"bid_price":115921.6,"ask_price":115925.7,"spread":4.099999999991269,"timestamp":"2025-09-20T17:06:56.496389+00:00"},{"volume":0.004,"bid_price":115922.0,"ask_price":115925.4,"spread":3.3999999999941792,"timestamp":"2025-09-20T17:06:56.496389+00:00"},{"volume":0.001,"bid_price":115921.3,"ask_price":115925.9,"spread":4.599999999991269,"timestamp":"2025-09-20T17:06:56.496389+00:00"},{"volume":0.044,"bid_price":115921.5,"ask_price":115926.2,"spread":4.69999999999709,"timestamp":"2025-09-20T17:06:56.496389+00:00"},{"volume":1.913,"bid_price":115921.2,"ask_price":115926.1,"spread":4.900000000008731,"timestamp":"2025-09-20T17:06:56.496389+00:00"}],"order_walls":[{"side":"ask","price":115822.8,"volume":25.204,"volume_ratio":15.885541409302911,"timestamp":"2025-09-20T17:34:54.930391+00:00"},{"side":"ask","price":115822.8,"volume":31.0,"volume_ratio":16.52452025586354,"timestamp":"2025-09-20T17:33:41.350442+00:00"},{"side":"bid","price":115827.3,"volume":13.349,"volume_ratio":13.527563842723957,"timestamp":"2025-09-20T17:32:41.365322+00:00"},{"side":"ask","price":115827.4,"volume":5.78,"volume_ratio":5.857316578840698,"timestamp":"2025-09-20T17:32:41.365322+00:00"},{"side":"bid","price":115827.3,"volume":9.314,"volume_ratio":8.173401781404941,"timestamp":"2025-09-20T17:31:41.934145+00:00"},{"side":"ask","price":115827.4,"volume":12.995,"volume_ratio":11.403624237637663,"timestamp":"2025-09-20T17:31:41.934145+00:00"},{"side":"ask","price":115791.5,"volume":16.989,"volume_ratio":16.16076099881094,"timestamp":"2025-09-20T17:29:52.145858+00:00"},{"side":"ask","price":115799.1,"volume":30.729,"volume_ratio":16.268198422362218,"timestamp":"2025-09-20T17:28:00.942164+00:00"},{"side":"ask","price":115818.3,"volume":12.281,"volume_ratio":6.201272470208039,"timestamp":"2025-09-20T17:27:00.543084+00:00"},{"side":"bid","price":115818.2,"volume":11.244,"volume_ratio":5.656077869161699,"timestamp":"2025-09-20T17:26:00.946447+00:00"},{"side":"ask","price":115818.3,"volume":23.374,"volume_ratio":10.347056219566179,"timestamp":"2025-09-20T17:25:00.955021+00:00"},{"side":"bid","price":115818.1,"volume":7.768,"volume_ratio":5.716598594399676,"timestamp":"2025-09-20T17:24:00.945060+00:00"},{"side":"ask","price":115818.3,"volume":13.535,"volume_ratio":9.960628472605514,"timestamp":"2025-09-20T17:24:00.945060+00:00"},{"side":"ask","price":115817.6,"volume":32.934,"volume_ratio":16.18418142951915,"timestamp":"2025-09-20T17:23:00.877558+00:00"},{"side":"ask","price":115826.1,"volume":28.282,"volume_ratio":14.969565447520246,"timestamp":"2025-09-20T17:22:00.953638+00:00"},{"side":"ask","price":115826.2,"volume":38.877,"volume_ratio":18.03409486257683,"timestamp":"2025-09-20T17:21:01.350158+00:00"},{"side":"bid","price":115851.3,"volume":13.27,"volume_ratio":10.511307378510041,"timestamp":"2025-09-20T17:20:00.958607+00:00"},{"side":"ask","price":115851.4,"volume":10.599,"volume_ratio":8.395580022971208,"timestamp":"2025-09-20T17:20:00.958607+00:00"},{"side":"bid","price":115766.5,"volume":34.515,"volume_ratio":15.94889330437595,"timestamp":"2025-09-20T17:16:38.523945+00:00"},{"side":"ask","price":115787.8,"volume":30.478,"volume_ratio":14.451398767188241,"timestamp":"2025-09-20T17:15:38.515632+00:00"},{"side":"ask","price":115873.1,"volume":35.802,"volume_ratio":17.115403002199063,"timestamp":"2025-09-20T17:13:55.914703+00:00"},{"side":"ask","price":115890.5,"volume":49.308,"volume_ratio":18.78006512921102,"timestamp":"2025-09-20T17:12:56.493350+00:00"},{"side":"bid","price":115923.4,"volume":20.406,"volume_ratio":8.45494095711622,"timestamp":"2025-09-20T17:11:55.839119+00:00"},{"side":"ask","price":115923.5,"volume":21.004,"volume_ratio":8.70271390097369,"timestamp":"2025-09-20T17:11:55.839119+00:00"},{"side":"bid","price":115923.4,"volume":12.186,"volume_ratio":5.941491955143833,"timestamp":"2025-09-20T17:10:55.957231+00:00"},{"side":"ask","price":115923.5,"volume":24.965,"volume_ratio":12.172111165285228,"timestamp":"2025-09-20T17:10:55.957231+00:00"},{"side":"bid","price":115923.4,"volume":21.519,"volume_ratio":8.294403330249768,"timestamp":"2025-09-20T17:09:55.915243+00:00"},{"side":"ask","price":115923.5,"volume":22.512,"volume_ratio":8.677150786308975,"timestamp":"2025-09-20T17:09:55.915243+00:00"},{"side":"bid","price":115923.4,"volume":21.066,"volume_ratio":8.222482435597188,"timestamp":"2025-09-20T17:08:55.834345+00:00"},{"side":"ask","price":115923.5,"volume":22.295,"volume_ratio":8.702185792349727,"timestamp":"2025-09-20T17:08:55.834345+00:00"},{"side":"bid","price":115923.4,"volume":21.29,"volume_ratio":8.263789154989713,"timestamp":"2025-09-20T17:07:56.463884+00:00"},{"side":"ask","price":115923.5,"volume":21.464,"volume_ratio":8.331327873306678,"timestamp":"2025-09-20T17:07:56.463884+00:00"},{"side":"bid","price":115923.4,"volume":16.859,"volume_ratio":6.931157111435445,"timestamp":"2025-09-20T17:06:56.496389+00:00"},{"side":"ask","price":115923.5,"volume":26.726,"volume_ratio":10.987727917446092,"timestamp":"2025-09-20T17:06:56.496389+00:00"}],"spoofing_candidates":[],"persistent_levels":[],"rapid_changes":[{"type":"disappeared_order","side":"bid","price":115827.3,"volume":13.349,"duration_seconds":59.98512},{"type":"disappeared_order","side":"bid","price":115824.8,"volume":1.915,"duration_seconds":59.98512},{"type":"disappeared_order","side":"bid","price":115791.4,"volume":2.672,"duration_seconds":109.788287},{"type":"disappeared_order","side":"bid","price":115799.0,"volume":2.758,"duration_seconds":111.203694},{"type":"disappeared_order","side":"bid","price":115818.2,"volume":6.961,"duration_seconds":60.39908},{"type":"disappeared_order","side":"bid","price":115818.1,"volume":9.249,"duration_seconds":60.39908},{"type":"disappeared_order","side":"bid","price":115818.0,"volume":8.715,"duration_seconds":60.39908},{"type":"disappeared_order","side":"bid","price":115815.4,"volume":1.916,"duration_seconds":60.39908},{"type":"disappeared_order","side":"bid","price":115826.0,"volume":6.161,"duration_seconds":59.92392},{"type":"disappeared_order","side":"bid","price":115826.1,"volume":2.347,"duration_seconds":59.60348},{"type":"disappeared_order","side":"bid","price":115851.3,"volume":13.27,"duration_seconds":60.391551},{"type":"disappeared_order","side":"bid","price":115766.5,"volume":34.515,"duration_seconds":202.434662},{"type":"disappeared_order","side":"bid","price":115766.4,"volume":4.131,"duration_seconds":202.434662},{"type":"disappeared_order","side":"bid","price":115766.3,"volume":2.839,"duration_seconds":202.434662},{"type":"disappeared_order","side":"bid","price":115764.1,"volume":1.51,"duration_seconds":202.434662},{"type":"disappeared_order","side":"bid","price":115763.9,"volume":1.047,"duration_seconds":202.434662},{"type":"disappeared_order","side":"bid","price":115787.7,"volume":10.245,"duration_seconds":60.008313},{"type":"disappeared_order","side":"bid","price":115785.0,"volume":1.059,"duration_seconds":60.008313},{"type":"disappeared_order","side":"bid","price":115784.8,"volume":1.003,"duration_seconds":60.008313},{"type":"disappeared_order","side":"bid","price":115873.0,"volume":2.493,"duration_seconds":102.600929},{"type":"disappeared_order","side":"bid","price":115923.4,"volume":20.406,"duration_seconds":60.654231},{"type":"disappeared_order","side":"bid","price":115923.3,"volume":2.393,"duration_seconds":60.654231},{"type":"disappeared_order","side":"bid","price":115921.2,"volume":1.137,"duration_seconds":59.370461},{"type":"disappeared_order","side":"bid","price":115931.6,"volume":3.088,"duration_seconds":60.58789}],"mm_probability_score":85},"trade_flow":{"ping_pong_trades":[{"timestamp":"2025-09-20T17:34:55.002000+00:00","avg_buy_price":115822.8,"avg_sell_price":115822.7,"trade_count":10},{"timestamp":"2025-09-20T17:34:55.002000+00:00","avg_buy_price":115822.8,"avg_sell_price":115822.7,"trade_count":10},{"timestamp":"2025-09-20T17:34:55.002000+00:00","avg_buy_price":115822.8,"avg_sell_price":115822.7,"trade_count":10},{"timestamp":"2025-09-20T17:34:53.322000+00:00","avg_buy_price":115822.8,"avg_sell_price":115822.7,"trade_count":10},{"timestamp":"2025-09-20T17:34:52.288000+00:00","avg_buy_price":115822.8,"avg_sell_price":115822.7,"trade_count":10},{"timestamp":"2025-09-20T17:34:51.965000+00:00","avg_buy_price":115822.8,"avg_sell_price":115822.7,"trade_count":10},{"timestamp":"2025-09-20T17:34:49.280000+00:00","avg_buy_price":115822.8,"avg_sell_price":115822.7,"trade_count":10},{"timestamp":"2025-09-20T17:34:49.280000+00:00","avg_buy_price":115822.8,"avg_sell_price":115822.7,"trade_count":10},{"timestamp":"2025-09-20T17:34:49.280000+00:00","avg_buy_price":115822.8,"avg_sell_price":115822.7,"trade_count":10},{"timestamp":"2025-09-20T17:34:49.280000+00:00","avg_buy_price":115822.8,"avg_sell_price":115822.7,"trade_count":10},{"timestamp":"2025-09-20T17:34:49.280000+00:00","avg_buy_price":115822.8,"avg_sell_price":115822.7,"trade_count":10},{"timestamp":"2025-09-20T17:34:49.147000+00:00","avg_buy_price":115822.8,"avg_sell_price":115822.7,"trade_count":10},{"timestamp":"2025-09-20T17:34:49.147000+00:00","avg_buy_price":115822.8,"avg_sell_price":115822.7,"trade_count":10},{"timestamp":"2025-09-20T17:34:47.126000+00:00","avg_buy_price":115822.8,"avg_sell_price":115822.7,"trade_count":10},{"timestamp":"2025-09-20T17:34:47.111000+00:00","avg_buy_price":115822.8,"avg_sell_price":115822.7,"trade_count":10},{"timestamp":"2025-09-20T17:34:46.596000+00:00","avg_buy_price":115822.8,"avg_sell_price":115822.7,"trade_count":10},{"timestamp":"2025-09-20T17:34:46.200000+00:00","avg_buy_price":115822.8,"avg_sell_price":115822.7,"trade_count":10},{"timestamp":"2025-09-20T17:34:45.943000+00:00","avg_buy_price":115822.8,"avg_sell_price":115822.7,"trade_count":10},{"timestamp":"2025-09-20T17:34:45.201000+00:00","avg_buy_price":115822.8,"avg_sell_price":115822.7,"trade_count":10},{"timestamp":"2025-09-20T17:34:42.700000+00:00","avg_buy_price":115822.8,"avg_sell_price":115822.7,"trade_count":10},{"timestamp":"2025-09-20T17:34:42.700000+00:00","avg_buy_price":115822.8,"avg_sell_price":115822.7,"trade_count":10},{"timestamp":"2025-09-20T17:34:42.700000+00:00","avg_buy_price":115822.8,"avg_sell_price":115822.7,"trade_count":10},{"timestamp":"2025-09-20T17:34:40.376000+00:00","avg_buy_price":115822.8,"avg_sell_price":115822.7,"trade_count":10},{"timestamp":"2025-09-20T17:34:38.058000+00:00","avg_buy_price":115822.8,"avg_sell_price":115822.7,"trade_count":10},{"timestamp":"2025-09-20T17:34:37.839000+00:00","avg_buy_price":115822.8,"avg_sell_price":115822.7,"trade_count":10},{"timestamp":"2025-09-20T17:34:37.663000+00:00","avg_buy_price":115822.8,"avg_sell_price":115822.7,"trade_count":10},{"timestamp":"2025-09-20T17:34:37.663000+00:00","avg_buy_price":115822.8,"avg_sell_price":115822.7,"trade_count":10},{"timestamp":"2025-09-20T17:34:37.189000+00:00","avg_buy_price":115822.8,"avg_sell_price":115822.7,"trade_count":10},{"timestamp":"2025-09-20T17:34:36.949000+00:00","avg_buy_price":115822.8,"avg_sell_price":115822.7,"trade_count":10},{"timestamp":"2025-09-20T17:34:36.822000+00:00","avg_buy_price":115822.8,"avg_sell_price":115822.7,"trade_count":10},{"timestamp":"2025-09-20T17:34:36.022000+00:00","avg_buy_price":115822.8,"avg_sell_price":115822.7,"trade_count":10},{"timestamp":"2025-09-20T17:34:36.022000+00:00","avg_buy_price":115822.8,"avg_sell_price":115822.7,"trade_count":10},{"timestamp":"2025-09-20T17:34:35.932000+00:00","avg_buy_price":115822.8,"avg_sell_price":115822.7,"trade_count":10},{"timestamp":"2025-09-20T17:34:34.835000+00:00","avg_buy_price":115822.8,"avg_sell_price":115822.7,"trade_count":10},{"timestamp":"2025-09-20T17:34:34.321000+00:00","avg_buy_price":115822.8,"avg_sell_price":115822.7,"trade_count":10},{"timestamp":"2025-09-20T17:34:24.424000+00:00","avg_buy_price":115822.8,"avg_sell_price":115822.7,"trade_count":10},{"timestamp":"2025-09-20T17:34:24.424000+00:00","avg_buy_price":115822.8,"avg_sell_price":115822.7,"trade_count":10},{"timestamp":"2025-09-20T17:34:24.424000+00:00","avg_buy_price":115822.8,"avg_sell_price":115822.7,"trade_count":10},{"timestamp":"2025-09-20T17:34:24.424000+00:00","avg_buy_price":115822.8,"avg_sell_price":115822.7,"trade_count":10},{"timestamp":"2025-09-20T17:34:24.424000+00:00","avg_buy_price":115822.8,"avg_sell_price":115822.7,"trade_count":10},{"timestamp":"2025-09-20T17:34:24.424000+00:00","avg_buy_price":115822.8,"avg_sell_price":115822.7,"trade_count":10},{"timestamp":"2025-09-20T17:34:23.920000+00:00","avg_buy_price":115822.8,"avg_sell_price":115822.7,"trade_count":10},{"timestamp":"2025-09-20T17:34:23.920000+00:00","avg_buy_price":115822.8,"avg_sell_price":115822.7,"trade_count":10},{"timestamp":"2025-09-20T17:34:23.717000+00:00","avg_buy_price":115822.8,"avg_sell_price":115822.7,"trade_count":10},{"timestamp":"2025-09-20T17:34:23.600000+00:00","avg_buy_price":115822.8,"avg_sell_price":115822.7,"trade_count":10},{"timestamp":"2025-09-20T17:34:23.383000+00:00","avg_buy_price":115822.8,"avg_sell_price":115822.7,"trade_count":10},{"timestamp":"2025-09-20T17:34:23.149000+00:00","avg_buy_price":115822.8,"avg_sell_price":115822.7,"trade_count":10},{"timestamp":"2025-09-20T17:34:23.149000+00:00","avg_buy_price":115822.8,"avg_sell_price":115822.7,"trade_count":10},{"timestamp":"2025-09-20T17:34:22.796000+00:00","avg_buy_price":115822.8,"avg_sell_price":115822.7,"trade_count":10},{"timestamp":"2025-09-20T17:34:22.438000+00:00","avg_buy_price":115822.8,"avg_sell_price":115822.7,"trade_count":10},{"timestamp":"2025-09-20T17:34:21.624000+00:00","avg_buy_price":115822.8,"avg_sell_price":115822.7,"trade_count":10},{"timestamp":"2025-09-20T17:34:19.378000+00:00","avg_buy_price":115822.8,"avg_sell_price":115822.7,"trade_count":10},{"timestamp":"2025-09-20T17:34:19.378000+00:00","avg_buy_price":115822.8,"avg_sell_price":115822.7,"trade_count":10},{"timestamp":"2025-09-20T17:34:19.378000+00:00","avg_buy_price":115822.8,"avg_sell_price":115822.7,"trade_count":10},{"timestamp":"2025-09-20T17:34:19.378000+00:00","avg_buy_price":115822.8,"avg_sell_price":115822.7,"trade_count":10},{"timestamp":"2025-09-20T17:34:17.095000+00:00","avg_buy_price":115822.8,"avg_sell_price":115822.7,"trade_count":10},{"timestamp":"2025-09-20T17:34:17.095000+00:00","avg_buy_price":115822.8,"avg_sell_price":115822.7,"trade_count":10},{"timestamp":"2025-09-20T17:34:16.653000+00:00","avg_buy_price":115822.8,"avg_sell_price":115822.7,"trade_count":10},{"timestamp":"2025-09-20T17:34:11.918000+00:00","avg_buy_price":115822.8,"avg_sell_price":115822.7,"trade_count":10},{"timestamp":"2025-09-20T17:34:11.445000+00:00","avg_buy_price":115822.8,"avg_sell_price":115822.7,"trade_count":10},{"timestamp":"2025-09-20T17:34:10.423000+00:00","avg_buy_price":115822.8,"avg_sell_price":115822.7,"trade_count":10},{"timestamp":"2025-09-20T17:34:09.951000+00:00","avg_buy_price":115822.8,"avg_sell_price":115822.7,"trade_count":10},{"timestamp":"2025-09-20T17:34:09.340000+00:00","avg_buy_price":115822.8,"avg_sell_price":115822.7,"trade_count":10},{"timestamp":"2025-09-20T17:34:08.690000+00:00","avg_buy_price":115822.8,"avg_sell_price":115822.7,"trade_count":10},{"timestamp":"2025-09-20T17:34:08.335000+00:00","avg_buy_price":115822.8,"avg_sell_price":115822.7,"trade_count":10},{"timestamp":"2025-09-20T17:34:07.665000+00:00","avg_buy_price":115822.8,"avg_sell_price":115822.7,"trade_count":10},{"timestamp":"2025-09-20T17:34:07.149000+00:00","avg_buy_price":115822.8,"avg_sell_price":115822.7,"trade_count":10},{"timestamp":"2025-09-20T17:34:06.745000+00:00","avg_buy_price":115822.8,"avg_sell_price":115822.7,"trade_count":10},{"timestamp":"2025-09-20T17:34:06.487000+00:00","avg_buy_price":115822.8,"avg_sell_price":115822.7,"trade_count":10},{"timestamp":"2025-09-20T17:34:06.377000+00:00","avg_buy_price":115822.8,"avg_sell_price":115822.7,"trade_count":10},{"timestamp":"2025-09-20T17:34:05.511000+00:00","avg_buy_price":115822.8,"avg_sell_price":115822.7,"trade_count":10},{"timestamp":"2025-09-20T17:34:05.378000+00:00","avg_buy_price":115822.8,"avg_sell_price":115822.7,"trade_count":10},{"timestamp":"2025-09-20T17:34:04.405000+00:00","avg_buy_price":115822.8,"avg_sell_price":115822.7,"trade_count":10},{"timestamp":"2025-09-20T17:34:04.268000+00:00","avg_buy_price":115822.8,"avg_sell_price":115822.7,"trade_count":10},{"timestamp":"2025-09-20T17:34:03.881000+00:00","avg_buy_price":115822.8,"avg_sell_price":115822.7,"trade_count":10},{"timestamp":"2025-09-20T17:34:03.695000+00:00","avg_buy_price":115822.8,"avg_sell_price":115822.7,"trade_count":10},{"timestamp":"2025-09-20T17:34:02.228000+00:00","avg_buy_price":115822.8,"avg_sell_price":115822.7,"trade_count":10},{"timestamp":"2025-09-20T17:34:02.197000+00:00","avg_buy_price":115822.8,"avg_sell_price":115822.7,"trade_count":10},{"timestamp":"2025-09-20T17:34:01.908000+00:00","avg_buy_price":115822.8,"avg_sell_price":115822.7,"trade_count":10},{"timestamp":"2025-09-20T17:34:01.845000+00:00","avg_buy_price":115822.8,"avg_sell_price":115822.7,"trade_count":10},{"timestamp":"2025-09-20T17:34:01.845000+00:00","avg_buy_price":115822.8,"avg_sell_price":115822.7,"trade_count":10},{"timestamp":"2025-09-20T17:34:01.315000+00:00","avg_buy_price":115822.8,"avg_sell_price":115822.7,"trade_count":10},{"timestamp":"2025-09-20T17:34:00.599000+00:00","avg_buy_price":115822.8,"avg_sell_price":115822.7,"trade_count":10},{"timestamp":"2025-09-20T17:34:00.541000+00:00","avg_buy_price":115822.8,"avg_sell_price":115822.7,"trade_count":10},{"timestamp":"2025-09-20T17:34:00.427000+00:00","avg_buy_price":115822.8,"avg_sell_price":115822.7,"trade_count":10},{"timestamp":"2025-09-20T17:33:41.245000+00:00","avg_buy_price":115822.8,"avg_sell_price":115822.7,"trade_count":10},{"timestamp":"2025-09-20T17:33:40.289000+00:00","avg_buy_price":115822.8,"avg_sell_price":115822.7,"trade_count":10},{"timestamp":"2025-09-20T17:33:40.189000+00:00","avg_buy_price":115822.8,"avg_sell_price":115822.7,"trade_count":10},{"timestamp":"2025-09-20T17:33:37.403000+00:00","avg_buy_price":115822.8,"avg_sell_price":115822.7,"trade_count":10},{"timestamp":"2025-09-20T17:33:37.403000+00:00","avg_buy_price":115822.8,"avg_sell_price":115822.7,"trade_count":10},{"timestamp":"2025-09-20T17:33:37.286000+00:00","avg_buy_price":115822.8,"avg_sell_price":115822.7,"trade_count":10},{"timestamp":"2025-09-20T17:33:37.285000+00:00","avg_buy_price":115822.8,"avg_sell_price":115822.7,"trade_count":10},{"timestamp":"2025-09-20T17:33:37.283000+00:00","avg_buy_price":115822.8,"avg_sell_price":115822.7,"trade_count":10},{"timestamp":"2025-09-20T17:33:36.546000+00:00","avg_buy_price":115822.8,"avg_sell_price":115822.7,"trade_count":10},{"timestamp":"2025-09-20T17:33:36.546000+00:00","avg_buy_price":115822.8,"avg_sell_price":115822.7,"trade_count":10},{"timestamp":"2025-09-20T17:33:36.349000+00:00","avg_buy_price":115822.8,"avg_sell_price":115822.7,"trade_count":10},{"timestamp":"2025-09-20T17:33:35.084000+00:00","avg_buy_price":115822.8,"avg_sell_price":115822.7,"trade_count":10},{"timestamp":"2025-09-20T17:33:35.084000+00:00","avg_buy_price":115822.8,"avg_sell_price":115822.7,"trade_count":10},{"timestamp":"2025-09-20T17:33:35.084000+00:00","avg_buy_price":115822.8,"avg_sell_price":115822.7,"trade_count":10},{"timestamp":"2025-09-20T17:33:35.084000+00:00","avg_buy_price":115822.8,"avg_sell_price":115822.7,"trade_count":10},{"timestamp":"2025-09-20T17:33:33.418000+00:00","avg_buy_price":115822.8,"avg_sell_price":115822.7,"trade_count":10},{"timestamp":"2025-09-20T17:33:32.410000+00:00","avg_buy_price":115822.8,"avg_sell_price":115822.7,"trade_count":10},{"timestamp":"2025-09-20T17:33:32.330000+00:00","avg_buy_price":115822.8,"avg_sell_price":115822.7,"trade_count":10},{"timestamp":"2025-09-20T17:33:31.406000+00:00","avg_buy_price":115822.8,"avg_sell_price":115822.7,"trade_count":10},{"timestamp":"2025-09-20T17:33:30.649000+00:00","avg_buy_price":115822.8,"avg_sell_price":115822.7,"trade_count":10},{"timestamp":"2025-09-20T17:33:30.410000+00:00","avg_buy_price":115822.8,"avg_sell_price":115822.7,"trade_count":10},{"timestamp":"2025-09-20T17:33:29.414000+00:00","avg_buy_price":115822.8,"avg_sell_price":115822.7,"trade_count":10},{"timestamp":"2025-09-20T17:33:28.329000+00:00","avg_buy_price":115822.8,"avg_sell_price":115822.7,"trade_count":10},{"timestamp":"2025-09-20T17:33:27.341000+00:00","avg_buy_price":115822.8,"avg_sell_price":115822.7,"trade_count":10},{"timestamp":"2025-09-20T17:33:26.364000+00:00","avg_buy_price":115822.8,"avg_sell_price":115822.7,"trade_count":10},{"timestamp":"2025-09-20T17:33:26.364000+00:00","avg_buy_price":115822.8,"avg_sell_price":115822.7,"trade_count":10},{"timestamp":"2025-09-20T17:33:26.364000+00:00","avg_buy_price":115822.8,"avg_sell_price":115822.7,"trade_count":10},{"timestamp":"2025-09-20T17:33:26.364000+00:00","avg_buy_price":115822.8,"avg_sell_price":115822.7,"trade_count":10},{"timestamp":"2025-09-20T17:33:26.317000+00:00","avg_buy_price":115822.8,"avg_sell_price":115822.7,"trade_count":10},{"timestamp":"2025-09-20T17:33:25.912000+00:00","avg_buy_price":115822.8,"avg_sell_price":115822.7,"trade_count":10},{"timestamp":"2025-09-20T17:33:25.432000+00:00","avg_buy_price":115822.8,"avg_sell_price":115822.7,"trade_count":10},{"timestamp":"2025-09-20T17:33:25.432000+00:00","avg_buy_price":115822.8,"avg_sell_price":115822.7,"trade_count":10},{"timestamp":"2025-09-20T17:33:25.319000+00:00","avg_buy_price":115822.8,"avg_sell_price":115822.7,"trade_count":10},{"timestamp":"2025-09-20T17:33:24.387000+00:00","avg_buy_price":115822.8,"avg_sell_price":115822.7,"trade_count":10},{"timestamp":"2025-09-20T17:33:24.091000+00:00","avg_buy_price":115822.8,"avg_sell_price":115822.7,"trade_count":10},{"timestamp":"2025-09-20T17:33:23.500000+00:00","avg_buy_price":115822.8,"avg_sell_price":115822.7,"trade_count":10},{"timestamp":"2025-09-20T17:33:23.030000+00:00","avg_buy_price":115822.8,"avg_sell_price":115822.7,"trade_count":10},{"timestamp":"2025-09-20T17:33:22.348000+00:00","avg_buy_price":115822.8,"avg_sell_price":115822.7,"trade_count":10},{"timestamp":"2025-09-20T17:33:22.091000+00:00","avg_buy_price":115822.8,"avg_sell_price":115822.7,"trade_count":10},{"timestamp":"2025-09-20T17:33:21.293000+00:00","avg_buy_price":115822.8,"avg_sell_price":115822.7,"trade_count":10},{"timestamp":"2025-09-20T17:33:20.337000+00:00","avg_buy_price":115822.8,"avg_sell_price":115822.7,"trade_count":10},{"timestamp":"2025-09-20T17:33:20.129000+00:00","avg_buy_price":115822.8,"avg_sell_price":115822.7,"trade_count":10},{"timestamp":"2025-09-20T17:33:19.760000+00:00","avg_buy_price":115822.8,"avg_sell_price":115822.7,"trade_count":10},{"timestamp":"2025-09-20T17:33:18.895000+00:00","avg_buy_price":115822.8,"avg_sell_price":115822.7,"trade_count":10},{"timestamp":"2025-09-20T17:33:18.422000+00:00","avg_buy_price":115822.8,"avg_sell_price":115822.7,"trade_count":10},{"timestamp":"2025-09-20T17:33:18.355000+00:00","avg_buy_price":115822.8,"avg_sell_price":115822.7,"trade_count":10},{"timestamp":"2025-09-20T17:33:17.437000+00:00","avg_buy_price":115822.8,"avg_sell_price":115822.7,"trade_count":10},{"timestamp":"2025-09-20T17:33:17.282000+00:00","avg_buy_price":115823.95000000001,"avg_sell_price":115822.7,"trade_count":10},{"timestamp":"2025-09-20T17:33:16.639000+00:00","avg_buy_price":115823.95000000001,"avg_sell_price":115823.46666666667,"trade_count":10},{"timestamp":"2025-09-20T17:33:16.531000+00:00","avg_buy_price":115824.64000000001,"avg_sell_price":115823.62,"trade_count":10},{"timestamp":"2025-09-20T17:33:16.504000+00:00","avg_buy_price":115825.56000000001,"avg_sell_price":115823.62,"trade_count":10},{"timestamp":"2025-09-20T17:33:15.559000+00:00","avg_buy_price":115826.48000000001,"avg_sell_price":115823.62,"trade_count":10},{"timestamp":"2025-09-20T17:33:15.477000+00:00","avg_buy_price":115827.4,"avg_sell_price":115823.62,"trade_count":10},{"timestamp":"2025-09-20T17:33:15.472000+00:00","avg_buy_price":115827.40000000001,"avg_sell_price":115823.84999999999,"trade_count":10},{"timestamp":"2025-09-20T17:33:07.278000+00:00","avg_buy_price":115827.40000000001,"avg_sell_price":115827.3,"trade_count":10},{"timestamp":"2025-09-20T17:33:07.218000+00:00","avg_buy_price":115827.4,"avg_sell_price":115827.3,"trade_count":10},{"timestamp":"2025-09-20T17:33:07.093000+00:00","avg_buy_price":115827.4,"avg_sell_price":115827.3,"trade_count":10},{"timestamp":"2025-09-20T17:33:07.093000+00:00","avg_buy_price":115827.4,"avg_sell_price":115827.3,"trade_count":10},{"timestamp":"2025-09-20T17:33:07.093000+00:00","avg_buy_price":115827.4,"avg_sell_price":115827.3,"trade_count":10},{"timestamp":"2025-09-20T17:33:07.006000+00:00","avg_buy_price":115827.4,"avg_sell_price":115827.3,"trade_count":10},{"timestamp":"2025-09-20T17:33:06.379000+00:00","avg_buy_price":115827.4,"avg_sell_price":115827.3,"trade_count":10},{"timestamp":"2025-09-20T17:33:06.313000+00:00","avg_buy_price":115827.40000000001,"avg_sell_price":115827.3,"trade_count":10},{"timestamp":"2025-09-20T17:32:40.342000+00:00","avg_buy_price":115827.40000000001,"avg_sell_price":115827.3,"trade_count":10},{"timestamp":"2025-09-20T17:32:40.217000+00:00","avg_buy_price":115827.40000000001,"avg_sell_price":115827.3,"trade_count":10},{"timestamp":"2025-09-20T17:32:39.219000+00:00","avg_buy_price":115827.40000000001,"avg_sell_price":115827.3,"trade_count":10},{"timestamp":"2025-09-20T17:32:38.518000+00:00","avg_buy_price":115827.4,"avg_sell_price":115827.3,"trade_count":10},{"timestamp":"2025-09-20T17:32:38.194000+00:00","avg_buy_price":115827.4,"avg_sell_price":115827.3,"trade_count":10},{"timestamp":"2025-09-20T17:32:38.081000+00:00","avg_buy_price":115827.4,"avg_sell_price":115827.3,"trade_count":10},{"timestamp":"2025-09-20T17:32:37.854000+00:00","avg_buy_price":115827.40000000001,"avg_sell_price":115827.3,"trade_count":10},{"timestamp":"2025-09-20T17:32:37.190000+00:00","avg_buy_price":115827.40000000001,"avg_sell_price":115827.3,"trade_count":10},{"timestamp":"2025-09-20T17:32:37.106000+00:00","avg_buy_price":115827.40000000001,"avg_sell_price":115827.3,"trade_count":10},{"timestamp":"2025-09-20T17:32:23.972000+00:00","avg_buy_price":115827.40000000001,"avg_sell_price":115827.3,"trade_count":10},{"timestamp":"2025-09-20T17:32:23.484000+00:00","avg_buy_price":115827.4,"avg_sell_price":115827.3,"trade_count":10},{"timestamp":"2025-09-20T17:32:23+00:00","avg_buy_price":115827.4,"avg_sell_price":115827.3,"trade_count":10},{"timestamp":"2025-09-20T17:32:22.650000+00:00","avg_buy_price":115827.4,"avg_sell_price":115827.3,"trade_count":10},{"timestamp":"2025-09-20T17:32:22.373000+00:00","avg_buy_price":115827.4,"avg_sell_price":115827.3,"trade_count":10},{"timestamp":"2025-09-20T17:32:21.994000+00:00","avg_buy_price":115827.40000000001,"avg_sell_price":115827.3,"trade_count":10},{"timestamp":"2025-09-20T17:32:21.644000+00:00","avg_buy_price":115827.40000000001,"avg_sell_price":115827.3,"trade_count":10},{"timestamp":"2025-09-20T17:32:21.301000+00:00","avg_buy_price":115827.4,"avg_sell_price":115827.3,"trade_count":10},{"timestamp":"2025-09-20T17:32:20.987000+00:00","avg_buy_price":115827.40000000001,"avg_sell_price":115827.3,"trade_count":10},{"timestamp":"2025-09-20T17:32:20.590000+00:00","avg_buy_price":115827.40000000001,"avg_sell_price":115827.3,"trade_count":10},{"timestamp":"2025-09-20T17:32:20.366000+00:00","avg_buy_price":115827.40000000001,"avg_sell_price":115827.3,"trade_count":10},{"timestamp":"2025-09-20T17:32:12.164000+00:00","avg_buy_price":115827.40000000001,"avg_sell_price":115827.3,"trade_count":10},{"timestamp":"2025-09-20T17:32:12.164000+00:00","avg_buy_price":115827.40000000001,"avg_sell_price":115827.3,"trade_count":10},{"timestamp":"2025-09-20T17:32:11.867000+00:00","avg_buy_price":115827.40000000001,"avg_sell_price":115827.3,"trade_count":10},{"timestamp":"2025-09-20T17:32:11.867000+00:00","avg_buy_price":115827.40000000001,"avg_sell_price":115827.3,"trade_count":10},{"timestamp":"2025-09-20T17:32:11.714000+00:00","avg_buy_price":115827.40000000001,"avg_sell_price":115827.3,"trade_count":10},{"timestamp":"2025-09-20T17:32:08.852000+00:00","avg_buy_price":115827.40000000001,"avg_sell_price":115827.3,"trade_count":10},{"timestamp":"2025-09-20T17:32:07.167000+00:00","avg_buy_price":115827.40000000001,"avg_sell_price":115827.3,"trade_count":10},{"timestamp":"2025-09-20T17:32:07.167000+00:00","avg_buy_price":115827.4,"avg_sell_price":115827.3,"trade_count":10},{"timestamp":"2025-09-20T17:32:06.505000+00:00","avg_buy_price":115827.4,"avg_sell_price":115827.3,"trade_count":10},{"timestamp":"2025-09-20T17:32:06.076000+00:00","avg_buy_price":115827.4,"avg_sell_price":115827.3,"trade_count":10},{"timestamp":"2025-09-20T17:32:06.076000+00:00","avg_buy_price":115827.4,"avg_sell_price":115827.3,"trade_count":10},{"timestamp":"2025-09-20T17:32:05.997000+00:00","avg_buy_price":115827.4,"avg_sell_price":115827.3,"trade_count":10},{"timestamp":"2025-09-20T17:32:05.997000+00:00","avg_buy_price":115827.40000000001,"avg_sell_price":115827.3,"trade_count":10},{"timestamp":"2025-09-20T17:32:01.319000+00:00","avg_buy_price":115827.40000000001,"avg_sell_price":115827.3,"trade_count":10},{"timestamp":"2025-09-20T17:32:01.100000+00:00","avg_buy_price":115827.40000000001,"avg_sell_price":115827.3,"trade_count":10},{"timestamp":"2025-09-20T17:32:00.860000+00:00","avg_buy_price":115827.4,"avg_sell_price":115827.3,"trade_count":10},{"timestamp":"2025-09-20T17:32:00.692000+00:00","avg_buy_price":115827.40000000001,"avg_sell_price":115827.3,"trade_count":10},{"timestamp":"2025-09-20T17:32:00.101000+00:00","avg_buy_price":115827.40000000001,"avg_sell_price":115827.3,"trade_count":10},{"timestamp":"2025-09-20T17:31:59.759000+00:00","avg_buy_price":115827.40000000001,"avg_sell_price":115827.3,"trade_count":10},{"timestamp":"2025-09-20T17:31:59.365000+00:00","avg_buy_price":115827.40000000001,"avg_sell_price":115827.3,"trade_count":10},{"timestamp":"2025-09-20T17:31:59.078000+00:00","avg_buy_price":115827.40000000001,"avg_sell_price":115827.3,"trade_count":10},{"timestamp":"2025-09-20T17:31:58.625000+00:00","avg_buy_price":115827.40000000001,"avg_sell_price":115827.3,"trade_count":10},{"timestamp":"2025-09-20T17:31:53.308000+00:00","avg_buy_price":115827.40000000001,"avg_sell_price":115827.3,"trade_count":10},{"timestamp":"2025-09-20T17:31:52.984000+00:00","avg_buy_price":115827.40000000001,"avg_sell_price":115827.3,"trade_count":10},{"timestamp":"2025-09-20T17:31:52.973000+00:00","avg_buy_price":115827.40000000001,"avg_sell_price":115827.3,"trade_count":10},{"timestamp":"2025-09-20T17:31:51.995000+00:00","avg_buy_price":115827.40000000001,"avg_sell_price":115827.3,"trade_count":10},{"timestamp":"2025-09-20T17:31:51.811000+00:00","avg_buy_price":115827.40000000001,"avg_sell_price":115827.3,"trade_count":10},{"timestamp":"2025-09-20T17:31:51.525000+00:00","avg_buy_price":115827.40000000001,"avg_sell_price":115827.3,"trade_count":10},{"timestamp":"2025-09-20T17:31:50.547000+00:00","avg_buy_price":115827.40000000001,"avg_sell_price":115827.3,"trade_count":10},{"timestamp":"2025-09-20T17:31:50.484000+00:00","avg_buy_price":115827.40000000001,"avg_sell_price":115827.3,"trade_count":10},{"timestamp":"2025-09-20T17:31:44.913000+00:00","avg_buy_price":115827.40000000001,"avg_sell_price":115827.3,"trade_count":10},{"timestamp":"2025-09-20T17:31:44.733000+00:00","avg_buy_price":115827.4,"avg_sell_price":115827.3,"trade_count":10},{"timestamp":"2025-09-20T17:31:44.427000+00:00","avg_buy_price":115827.4,"avg_sell_price":115827.3,"trade_count":10},{"timestamp":"2025-09-20T17:31:43.915000+00:00","avg_buy_price":115827.4,"avg_sell_price":115827.3,"trade_count":10},{"timestamp":"2025-09-20T17:31:43.860000+00:00","avg_buy_price":115827.4,"avg_sell_price":115827.3,"trade_count":10},{"timestamp":"2025-09-20T17:31:43.848000+00:00","avg_buy_price":115827.40000000001,"avg_sell_price":115827.3,"trade_count":10},{"timestamp":"2025-09-20T17:31:43.751000+00:00","avg_buy_price":115827.40000000001,"avg_sell_price":115827.3,"trade_count":10},{"timestamp":"2025-09-20T17:31:43.492000+00:00","avg_buy_price":115827.4,"avg_sell_price":115827.3,"trade_count":10},{"timestamp":"2025-09-20T17:31:43.092000+00:00","avg_buy_price":115827.4,"avg_sell_price":115827.3,"trade_count":10},{"timestamp":"2025-09-20T17:31:42.815000+00:00","avg_buy_price":115827.40000000001,"avg_sell_price":115827.3,"trade_count":10},{"timestamp":"2025-09-20T17:31:42.815000+00:00","avg_buy_price":115827.40000000001,"avg_sell_price":115827.3,"trade_count":10},{"timestamp":"2025-09-20T17:31:42.720000+00:00","avg_buy_price":115827.40000000001,"avg_sell_price":115827.3,"trade_count":10},{"timestamp":"2025-09-20T17:31:42.720000+00:00","avg_buy_price":115827.40000000001,"avg_sell_price":115827.3,"trade_count":10},{"timestamp":"2025-09-20T17:31:41.788000+00:00","avg_buy_price":115827.40000000001,"avg_sell_price":115827.3,"trade_count":10},{"timestamp":"2025-09-20T17:31:41.788000+00:00","avg_buy_price":115827.40000000001,"avg_sell_price":115827.3,"trade_count":10},{"timestamp":"2025-09-20T17:31:41.684000+00:00","avg_buy_price":115827.4,"avg_sell_price":115827.3,"trade_count":10},{"timestamp":"2025-09-20T17:31:41.684000+00:00","avg_buy_price":115827.40000000001,"avg_sell_price":115827.3,"trade_count":10},{"timestamp":"2025-09-20T17:31:41.149000+00:00","avg_buy_price":115827.40000000001,"avg_sell_price":115827.3,"trade_count":10},{"timestamp":"2025-09-20T17:31:36.854000+00:00","avg_buy_price":115827.40000000001,"avg_sell_price":115827.3,"trade_count":10},{"timestamp":"2025-09-20T17:31:36.757000+00:00","avg_buy_price":115827.4,"avg_sell_price":115827.3,"trade_count":10},{"timestamp":"2025-09-20T17:31:36.629000+00:00","avg_buy_price":115827.4,"avg_sell_price":115827.3,"trade_count":10},{"timestamp":"2025-09-20T17:31:36.596000+00:00","avg_buy_price":115827.4,"avg_sell_price":115827.3,"trade_count":10},{"timestamp":"2025-09-20T17:31:36.354000+00:00","avg_buy_price":115827.4,"avg_sell_price":115827.3,"trade_count":10},{"timestamp":"2025-09-20T17:31:35.897000+00:00","avg_buy_price":115827.4,"avg_sell_price":115827.3,"trade_count":10},{"timestamp":"2025-09-20T17:31:35.771000+00:00","avg_buy_price":115827.4,"avg_sell_price":115827.3,"trade_count":10},{"timestamp":"2025-09-20T17:31:35.589000+00:00","avg_buy_price":115827.40000000001,"avg_sell_price":115827.3,"trade_count":10},{"timestamp":"2025-09-20T17:31:27.337000+00:00","avg_buy_price":115827.40000000001,"avg_sell_price":115827.3,"trade_count":10},{"timestamp":"2025-09-20T17:31:26.435000+00:00","avg_buy_price":115827.40000000001,"avg_sell_price":115827.3,"trade_count":10},{"timestamp":"2025-09-20T17:31:25.213000+00:00","avg_buy_price":115827.40000000001,"avg_sell_price":115827.3,"trade_count":10},{"timestamp":"2025-09-20T17:31:24.936000+00:00","avg_buy_price":115827.40000000001,"avg_sell_price":115827.3,"trade_count":10},{"timestamp":"2025-09-20T17:31:24.765000+00:00","avg_buy_price":115827.4,"avg_sell_price":115827.3,"trade_count":10},{"timestamp":"2025-09-20T17:31:24.732000+00:00","avg_buy_price":115827.40000000001,"avg_sell_price":115827.3,"trade_count":10},{"timestamp":"2025-09-20T17:31:24.224000+00:00","avg_buy_price":115827.4,"avg_sell_price":115827.3,"trade_count":10},{"timestamp":"2025-09-20T17:31:23.740000+00:00","avg_buy_price":115827.4,"avg_sell_price":115827.3,"trade_count":10},{"timestamp":"2025-09-20T17:31:23.573000+00:00","avg_buy_price":115827.40000000001,"avg_sell_price":115827.3,"trade_count":10},{"timestamp":"2025-09-20T17:31:21.384000+00:00","avg_buy_price":115827.40000000001,"avg_sell_price":115827.3,"trade_count":10},{"timestamp":"2025-09-20T17:31:21.068000+00:00","avg_buy_price":115827.40000000001,"avg_sell_price":115827.3,"trade_count":10},{"timestamp":"2025-09-20T17:31:20.684000+00:00","avg_buy_price":115827.40000000001,"avg_sell_price":115827.3,"trade_count":10},{"timestamp":"2025-09-20T17:31:20.556000+00:00","avg_buy_price":115827.40000000001,"avg_sell_price":115827.3,"trade_count":10},{"timestamp":"2025-09-20T17:31:20.556000+00:00","avg_buy_price":115827.40000000001,"avg_sell_price":115827.3,"trade_count":10},{"timestamp":"2025-09-20T17:31:20.556000+00:00","avg_buy_price":115827.40000000001,"avg_sell_price":115827.3,"trade_count":10},{"timestamp":"2025-09-20T17:31:20.556000+00:00","avg_buy_price":115827.40000000001,"avg_sell_price":115827.3,"trade_count":10},{"timestamp":"2025-09-20T17:31:20.532000+00:00","avg_buy_price":115827.4,"avg_sell_price":115827.3,"trade_count":10},{"timestamp":"2025-09-20T17:31:20.406000+00:00","avg_buy_price":115827.4,"avg_sell_price":115827.3,"trade_count":10},{"timestamp":"2025-09-20T17:31:20.271000+00:00","avg_buy_price":115827.40000000001,"avg_sell_price":115827.3,"trade_count":10},{"timestamp":"2025-09-20T17:31:20.053000+00:00","avg_buy_price":115827.40000000001,"avg_sell_price":115827.3,"trade_count":10},{"timestamp":"2025-09-20T17:31:18.167000+00:00","avg_buy_price":115827.40000000001,"avg_sell_price":115827.3,"trade_count":10},{"timestamp":"2025-09-20T17:31:18.167000+00:00","avg_buy_price":115827.40000000001,"avg_sell_price":115827.3,"trade_count":10},{"timestamp":"2025-09-20T17:31:17.624000+00:00","avg_buy_price":115827.40000000001,"avg_sell_price":115827.3,"trade_count":10},{"timestamp":"2025-09-20T17:31:17.250000+00:00","avg_buy_price":115827.40000000001,"avg_sell_price":115827.3,"trade_count":10},{"timestamp":"2025-09-20T17:31:05.587000+00:00","avg_buy_price":115821.21666666666,"avg_sell_price":115791.4,"trade_count":10},{"timestamp":"2025-09-20T17:31:05.587000+00:00","avg_buy_price":115815.31666666667,"avg_sell_price":115791.4,"trade_count":10},{"timestamp":"2025-09-20T17:31:05.587000+00:00","avg_buy_price":115809.41666666667,"avg_sell_price":115791.4,"trade_count":10},{"timestamp":"2025-09-20T17:31:05.587000+00:00","avg_buy_price":115805.84,"avg_sell_price":115791.4,"trade_count":10},{"timestamp":"2025-09-20T17:31:05.587000+00:00","avg_buy_price":115800.475,"avg_sell_price":115791.40000000001,"trade_count":10},{"timestamp":"2025-09-20T17:30:22.060000+00:00","avg_buy_price":115791.5,"avg_sell_price":115791.40000000001,"trade_count":10},{"timestamp":"2025-09-20T17:30:21.899000+00:00","avg_buy_price":115791.5,"avg_sell_price":115791.40000000001,"trade_count":10},{"timestamp":"2025-09-20T17:30:10.673000+00:00","avg_buy_price":115791.5,"avg_sell_price":115791.40000000001,"trade_count":10},{"timestamp":"2025-09-20T17:30:10.576000+00:00","avg_buy_price":115791.5,"avg_sell_price":115791.4,"trade_count":10},{"timestamp":"2025-09-20T17:30:10.438000+00:00","avg_buy_price":115791.5,"avg_sell_price":115791.4,"trade_count":10},{"timestamp":"2025-09-20T17:30:10.378000+00:00","avg_buy_price":115791.5,"avg_sell_price":115791.4,"trade_count":10},{"timestamp":"2025-09-20T17:30:10.242000+00:00","avg_buy_price":115791.5,"avg_sell_price":115791.4,"trade_count":10},{"timestamp":"2025-09-20T17:30:09.606000+00:00","avg_buy_price":115791.5,"avg_sell_price":115791.4,"trade_count":10},{"timestamp":"2025-09-20T17:30:09.602000+00:00","avg_buy_price":115791.5,"avg_sell_price":115791.4,"trade_count":10},{"timestamp":"2025-09-20T17:30:09.577000+00:00","avg_buy_price":115791.5,"avg_sell_price":115791.4,"trade_count":10},{"timestamp":"2025-09-20T17:30:09.309000+00:00","avg_buy_price":115791.5,"avg_sell_price":115791.4,"trade_count":10},{"timestamp":"2025-09-20T17:30:09.309000+00:00","avg_buy_price":115791.5,"avg_sell_price":115791.40000000001,"trade_count":10},{"timestamp":"2025-09-20T17:30:06.989000+00:00","avg_buy_price":115791.5,"avg_sell_price":115791.40000000001,"trade_count":10},{"timestamp":"2025-09-20T17:29:37.607000+00:00","avg_buy_price":115791.5,"avg_sell_price":115791.40000000001,"trade_count":10},{"timestamp":"2025-09-20T17:29:36.467000+00:00","avg_buy_price":115791.5,"avg_sell_price":115791.40000000001,"trade_count":10},{"timestamp":"2025-09-20T17:29:35.238000+00:00","avg_buy_price":115791.5,"avg_sell_price":115791.40000000001,"trade_count":10},{"timestamp":"2025-09-20T17:29:34.015000+00:00","avg_buy_price":115791.5,"avg_sell_price":115791.4,"trade_count":10},{"timestamp":"2025-09-20T17:29:33.922000+00:00","avg_buy_price":115791.5,"avg_sell_price":115791.4,"trade_count":10},{"timestamp":"2025-09-20T17:29:33.397000+00:00","avg_buy_price":115791.5,"avg_sell_price":115791.4,"trade_count":10},{"timestamp":"2025-09-20T17:29:29.199000+00:00","avg_buy_price":115791.5,"avg_sell_price":115791.4,"trade_count":10},{"timestamp":"2025-09-20T17:29:28.623000+00:00","avg_buy_price":115791.5,"avg_sell_price":115791.4,"trade_count":10},{"timestamp":"2025-09-20T17:29:28.623000+00:00","avg_buy_price":115791.5,"avg_sell_price":115791.40000000001,"trade_count":10},{"timestamp":"2025-09-20T17:29:13.620000+00:00","avg_buy_price":115791.5,"avg_sell_price":115791.40000000001,"trade_count":10},{"timestamp":"2025-09-20T17:29:12.536000+00:00","avg_buy_price":115791.5,"avg_sell_price":115791.4,"trade_count":10},{"timestamp":"2025-09-20T17:29:12.481000+00:00","avg_buy_price":115791.5,"avg_sell_price":115791.4,"trade_count":10},{"timestamp":"2025-09-20T17:29:09.832000+00:00","avg_buy_price":115791.5,"avg_sell_price":115791.4,"trade_count":10},{"timestamp":"2025-09-20T17:29:09.832000+00:00","avg_buy_price":115791.5,"avg_sell_price":115791.4,"trade_count":10},{"timestamp":"2025-09-20T17:29:09.015000+00:00","avg_buy_price":115791.5,"avg_sell_price":115791.4,"trade_count":10},{"timestamp":"2025-09-20T17:29:09.001000+00:00","avg_buy_price":115791.5,"avg_sell_price":115791.4,"trade_count":10},{"timestamp":"2025-09-20T17:29:08.355000+00:00","avg_buy_price":115791.5,"avg_sell_price":115791.4,"trade_count":10},{"timestamp":"2025-09-20T17:29:07.772000+00:00","avg_buy_price":115791.5,"avg_sell_price":115791.4,"trade_count":10},{"timestamp":"2025-09-20T17:29:06.822000+00:00","avg_buy_price":115791.5,"avg_sell_price":115791.40000000001,"trade_count":10},{"timestamp":"2025-09-20T17:29:06.822000+00:00","avg_buy_price":115791.5,"avg_sell_price":115791.40000000001,"trade_count":10},{"timestamp":"2025-09-20T17:29:05.914000+00:00","avg_buy_price":115791.5,"avg_sell_price":115791.40000000001,"trade_count":10},{"timestamp":"2025-09-20T17:29:02.996000+00:00","avg_buy_price":115791.5,"avg_sell_price":115791.40000000001,"trade_count":10},{"timestamp":"2025-09-20T17:29:02.996000+00:00","avg_buy_price":115791.5,"avg_sell_price":115792.66666666667,"trade_count":10},{"timestamp":"2025-09-20T17:29:02.996000+00:00","avg_buy_price":115793.01999999999,"avg_sell_price":115792.92,"trade_count":10},{"timestamp":"2025-09-20T17:29:02.996000+00:00","avg_buy_price":115793.01999999999,"avg_sell_price":115794.43999999999,"trade_count":10},{"timestamp":"2025-09-20T17:29:02.996000+00:00","avg_buy_price":115793.01999999999,"avg_sell_price":115795.96,"trade_count":10},{"timestamp":"2025-09-20T17:29:02.996000+00:00","avg_buy_price":115794.03333333333,"avg_sell_price":115797.1,"trade_count":10},{"timestamp":"2025-09-20T17:29:02.856000+00:00","avg_buy_price":115794.03333333333,"avg_sell_price":115799.0,"trade_count":10},{"timestamp":"2025-09-20T17:29:01.923000+00:00","avg_buy_price":115794.54,"avg_sell_price":115799.0,"trade_count":10},{"timestamp":"2025-09-20T17:29:01.774000+00:00","avg_buy_price":115795.29999999999,"avg_sell_price":115799.0,"trade_count":10},{"timestamp":"2025-09-20T17:27:57.058000+00:00","avg_buy_price":115814.7,"avg_sell_price":115800.0,"trade_count":10},{"timestamp":"2025-09-20T17:27:57.058000+00:00","avg_buy_price":115814.7,"avg_sell_price":115802.43333333333,"trade_count":10},{"timestamp":"2025-09-20T17:27:57.058000+00:00","avg_buy_price":115814.7,"avg_sell_price":115804.86666666665,"trade_count":10},{"timestamp":"2025-09-20T17:27:57.058000+00:00","avg_buy_price":115814.7,"avg_sell_price":115807.29999999999,"trade_count":10},{"timestamp":"2025-09-20T17:27:57.058000+00:00","avg_buy_price":115814.7,"avg_sell_price":115809.73333333332,"trade_count":10},{"timestamp":"2025-09-20T17:27:57.058000+00:00","avg_buy_price":115814.7,"avg_sell_price":115812.16666666667,"trade_count":10},{"timestamp":"2025-09-20T17:27:31.555000+00:00","avg_buy_price":115814.7,"avg_sell_price":115814.59999999999,"trade_count":10},{"timestamp":"2025-09-20T17:27:01.320000+00:00","avg_buy_price":115818.3,"avg_sell_price":115818.2,"trade_count":10},{"timestamp":"2025-09-20T17:27:00.095000+00:00","avg_buy_price":115818.3,"avg_sell_price":115818.2,"trade_count":10},{"timestamp":"2025-09-20T17:26:59.754000+00:00","avg_buy_price":115818.3,"avg_sell_price":115818.2,"trade_count":10},{"timestamp":"2025-09-20T17:26:58.751000+00:00","avg_buy_price":115818.3,"avg_sell_price":115818.2,"trade_count":10},{"timestamp":"2025-09-20T17:26:58.751000+00:00","avg_buy_price":115818.3,"avg_sell_price":115818.2,"trade_count":10},{"timestamp":"2025-09-20T17:26:55.314000+00:00","avg_buy_price":115818.3,"avg_sell_price":115818.2,"trade_count":10},{"timestamp":"2025-09-20T17:26:54.368000+00:00","avg_buy_price":115818.3,"avg_sell_price":115818.2,"trade_count":10},{"timestamp":"2025-09-20T17:26:52.292000+00:00","avg_buy_price":115818.3,"avg_sell_price":115818.2,"trade_count":10},{"timestamp":"2025-09-20T17:26:51.977000+00:00","avg_buy_price":115818.3,"avg_sell_price":115818.2,"trade_count":10},{"timestamp":"2025-09-20T17:26:51.637000+00:00","avg_buy_price":115818.3,"avg_sell_price":115818.2,"trade_count":10},{"timestamp":"2025-09-20T17:26:51.391000+00:00","avg_buy_price":115818.3,"avg_sell_price":115818.2,"trade_count":10},{"timestamp":"2025-09-20T17:26:51.130000+00:00","avg_buy_price":115818.3,"avg_sell_price":115818.2,"trade_count":10},{"timestamp":"2025-09-20T17:26:51.118000+00:00","avg_buy_price":115818.3,"avg_sell_price":115818.2,"trade_count":10},{"timestamp":"2025-09-20T17:26:42.108000+00:00","avg_buy_price":115818.3,"avg_sell_price":115818.2,"trade_count":10},{"timestamp":"2025-09-20T17:26:42.108000+00:00","avg_buy_price":115818.3,"avg_sell_price":115818.2,"trade_count":10},{"timestamp":"2025-09-20T17:26:41.500000+00:00","avg_buy_price":115818.3,"avg_sell_price":115818.2,"trade_count":10},{"timestamp":"2025-09-20T17:26:41.373000+00:00","avg_buy_price":115818.3,"avg_sell_price":115818.2,"trade_count":10},{"timestamp":"2025-09-20T17:26:41.373000+00:00","avg_buy_price":115818.3,"avg_sell_price":115818.2,"trade_count":10},{"timestamp":"2025-09-20T17:26:40.989000+00:00","avg_buy_price":115818.3,"avg_sell_price":115818.2,"trade_count":10},{"timestamp":"2025-09-20T17:26:40.989000+00:00","avg_buy_price":115818.3,"avg_sell_price":115818.2,"trade_count":10},{"timestamp":"2025-09-20T17:26:40.504000+00:00","avg_buy_price":115818.3,"avg_sell_price":115818.2,"trade_count":10},{"timestamp":"2025-09-20T17:26:40.417000+00:00","avg_buy_price":115818.3,"avg_sell_price":115818.2,"trade_count":10},{"timestamp":"2025-09-20T17:26:40.150000+00:00","avg_buy_price":115818.3,"avg_sell_price":115818.2,"trade_count":10},{"timestamp":"2025-09-20T17:26:38.784000+00:00","avg_buy_price":115818.3,"avg_sell_price":115818.2,"trade_count":10},{"timestamp":"2025-09-20T17:26:37.394000+00:00","avg_buy_price":115818.3,"avg_sell_price":115818.2,"trade_count":10},{"timestamp":"2025-09-20T17:26:37.071000+00:00","avg_buy_price":115818.3,"avg_sell_price":115818.2,"trade_count":10},{"timestamp":"2025-09-20T17:26:36.856000+00:00","avg_buy_price":115818.3,"avg_sell_price":115818.2,"trade_count":10},{"timestamp":"2025-09-20T17:26:36.592000+00:00","avg_buy_price":115818.3,"avg_sell_price":115818.2,"trade_count":10},{"timestamp":"2025-09-20T17:26:36.228000+00:00","avg_buy_price":115818.3,"avg_sell_price":115818.2,"trade_count":10},{"timestamp":"2025-09-20T17:26:35.677000+00:00","avg_buy_price":115818.3,"avg_sell_price":115818.2,"trade_count":10},{"timestamp":"2025-09-20T17:26:34.775000+00:00","avg_buy_price":115818.3,"avg_sell_price":115818.2,"trade_count":10},{"timestamp":"2025-09-20T17:26:34.671000+00:00","avg_buy_price":115818.3,"avg_sell_price":115818.2,"trade_count":10},{"timestamp":"2025-09-20T17:26:34.301000+00:00","avg_buy_price":115818.3,"avg_sell_price":115818.2,"trade_count":10},{"timestamp":"2025-09-20T17:26:34.230000+00:00","avg_buy_price":115818.3,"avg_sell_price":115818.2,"trade_count":10},{"timestamp":"2025-09-20T17:26:33.714000+00:00","avg_buy_price":115818.3,"avg_sell_price":115818.2,"trade_count":10},{"timestamp":"2025-09-20T17:26:33.247000+00:00","avg_buy_price":115818.3,"avg_sell_price":115818.2,"trade_count":10},{"timestamp":"2025-09-20T17:26:32.733000+00:00","avg_buy_price":115818.3,"avg_sell_price":115818.2,"trade_count":10},{"timestamp":"2025-09-20T17:26:32.705000+00:00","avg_buy_price":115818.3,"avg_sell_price":115818.2,"trade_count":10},{"timestamp":"2025-09-20T17:26:32.657000+00:00","avg_buy_price":115818.3,"avg_sell_price":115818.2,"trade_count":10},{"timestamp":"2025-09-20T17:26:32.259000+00:00","avg_buy_price":115818.3,"avg_sell_price":115818.2,"trade_count":10},{"timestamp":"2025-09-20T17:26:31.907000+00:00","avg_buy_price":115818.3,"avg_sell_price":115818.2,"trade_count":10},{"timestamp":"2025-09-20T17:26:31.833000+00:00","avg_buy_price":115818.3,"avg_sell_price":115818.2,"trade_count":10},{"timestamp":"2025-09-20T17:26:29.392000+00:00","avg_buy_price":115818.3,"avg_sell_price":115818.2,"trade_count":10},{"timestamp":"2025-09-20T17:26:29.372000+00:00","avg_buy_price":115818.3,"avg_sell_price":115818.2,"trade_count":10},{"timestamp":"2025-09-20T17:26:28.186000+00:00","avg_buy_price":115818.3,"avg_sell_price":115818.2,"trade_count":10},{"timestamp":"2025-09-20T17:26:26.301000+00:00","avg_buy_price":115818.3,"avg_sell_price":115818.2,"trade_count":10},{"timestamp":"2025-09-20T17:26:24.987000+00:00","avg_buy_price":115818.3,"avg_sell_price":115818.2,"trade_count":10},{"timestamp":"2025-09-20T17:26:24.592000+00:00","avg_buy_price":115818.3,"avg_sell_price":115818.2,"trade_count":10},{"timestamp":"2025-09-20T17:26:22.888000+00:00","avg_buy_price":115818.3,"avg_sell_price":115818.2,"trade_count":10},{"timestamp":"2025-09-20T17:26:22.888000+00:00","avg_buy_price":115818.3,"avg_sell_price":115818.2,"trade_count":10},{"timestamp":"2025-09-20T17:26:22.888000+00:00","avg_buy_price":115818.3,"avg_sell_price":115818.2,"trade_count":10},{"timestamp":"2025-09-20T17:26:22.881000+00:00","avg_buy_price":115818.3,"avg_sell_price":115818.2,"trade_count":10},{"timestamp":"2025-09-20T17:26:22.696000+00:00","avg_buy_price":115818.3,"avg_sell_price":115818.2,"trade_count":10},{"timestamp":"2025-09-20T17:26:21.348000+00:00","avg_buy_price":115818.3,"avg_sell_price":115818.2,"trade_count":10},{"timestamp":"2025-09-20T17:25:57.949000+00:00","avg_buy_price":115818.3,"avg_sell_price":115818.2,"trade_count":10},{"timestamp":"2025-09-20T17:25:57.405000+00:00","avg_buy_price":115818.3,"avg_sell_price":115818.2,"trade_count":10},{"timestamp":"2025-09-20T17:25:56.716000+00:00","avg_buy_price":115818.3,"avg_sell_price":115818.2,"trade_count":10},{"timestamp":"2025-09-20T17:25:53.847000+00:00","avg_buy_price":115818.3,"avg_sell_price":115818.2,"trade_count":10},{"timestamp":"2025-09-20T17:25:53.630000+00:00","avg_buy_price":115818.3,"avg_sell_price":115818.2,"trade_count":10},{"timestamp":"2025-09-20T17:25:53.060000+00:00","avg_buy_price":115818.3,"avg_sell_price":115818.2,"trade_count":10},{"timestamp":"2025-09-20T17:25:53.052000+00:00","avg_buy_price":115818.3,"avg_sell_price":115818.2,"trade_count":10},{"timestamp":"2025-09-20T17:25:50.697000+00:00","avg_buy_price":115818.3,"avg_sell_price":115818.2,"trade_count":10},{"timestamp":"2025-09-20T17:25:48.516000+00:00","avg_buy_price":115818.3,"avg_sell_price":115818.2,"trade_count":10},{"timestamp":"2025-09-20T17:25:48.229000+00:00","avg_buy_price":115818.3,"avg_sell_price":115818.2,"trade_count":10},{"timestamp":"2025-09-20T17:25:47.345000+00:00","avg_buy_price":115818.3,"avg_sell_price":115818.2,"trade_count":10},{"timestamp":"2025-09-20T17:25:47.184000+00:00","avg_buy_price":115818.3,"avg_sell_price":115818.2,"trade_count":10},{"timestamp":"2025-09-20T17:25:46.786000+00:00","avg_buy_price":115818.3,"avg_sell_price":115818.2,"trade_count":10},{"timestamp":"2025-09-20T17:25:46.786000+00:00","avg_buy_price":115818.3,"avg_sell_price":115818.2,"trade_count":10},{"timestamp":"2025-09-20T17:25:46.540000+00:00","avg_buy_price":115818.3,"avg_sell_price":115818.2,"trade_count":10},{"timestamp":"2025-09-20T17:25:46.540000+00:00","avg_buy_price":115818.3,"avg_sell_price":115818.2,"trade_count":10},{"timestamp":"2025-09-20T17:25:46.540000+00:00","avg_buy_price":115818.3,"avg_sell_price":115818.2,"trade_count":10},{"timestamp":"2025-09-20T17:25:31.997000+00:00","avg_buy_price":115818.3,"avg_sell_price":115818.2,"trade_count":10},{"timestamp":"2025-09-20T17:25:31.997000+00:00","avg_buy_price":115818.3,"avg_sell_price":115818.2,"trade_count":10},{"timestamp":"2025-09-20T17:25:31.354000+00:00","avg_buy_price":115818.3,"avg_sell_price":115818.2,"trade_count":10},{"timestamp":"2025-09-20T17:25:31.354000+00:00","avg_buy_price":115818.3,"avg_sell_price":115818.2,"trade_count":10},{"timestamp":"2025-09-20T17:25:30.748000+00:00","avg_buy_price":115818.3,"avg_sell_price":115818.2,"trade_count":10},{"timestamp":"2025-09-20T17:25:30.748000+00:00","avg_buy_price":115818.3,"avg_sell_price":115818.2,"trade_count":10},{"timestamp":"2025-09-20T17:25:30.628000+00:00","avg_buy_price":115818.3,"avg_sell_price":115818.2,"trade_count":10},{"timestamp":"2025-09-20T17:25:30.628000+00:00","avg_buy_price":115818.3,"avg_sell_price":115818.2,"trade_count":10},{"timestamp":"2025-09-20T17:25:30.159000+00:00","avg_buy_price":115818.3,"avg_sell_price":115818.2,"trade_count":10},{"timestamp":"2025-09-20T17:25:30.159000+00:00","avg_buy_price":115818.3,"avg_sell_price":115818.2,"trade_count":10},{"timestamp":"2025-09-20T17:25:30.040000+00:00","avg_buy_price":115818.3,"avg_sell_price":115818.2,"trade_count":10},{"timestamp":"2025-09-20T17:25:27.112000+00:00","avg_buy_price":115818.3,"avg_sell_price":115818.2,"trade_count":10},{"timestamp":"2025-09-20T17:25:27.112000+00:00","avg_buy_price":115818.3,"avg_sell_price":115818.2,"trade_count":10},{"timestamp":"2025-09-20T17:25:26.588000+00:00","avg_buy_price":115818.3,"avg_sell_price":115818.2,"trade_count":10},{"timestamp":"2025-09-20T17:25:21.639000+00:00","avg_buy_price":115818.3,"avg_sell_price":115818.2,"trade_count":10},{"timestamp":"2025-09-20T17:25:21.639000+00:00","avg_buy_price":115818.3,"avg_sell_price":115818.2,"trade_count":10},{"timestamp":"2025-09-20T17:25:21.639000+00:00","avg_buy_price":115818.3,"avg_sell_price":115818.2,"trade_count":10},{"timestamp":"2025-09-20T17:25:21.639000+00:00","avg_buy_price":115818.3,"avg_sell_price":115818.2,"trade_count":10},{"timestamp":"2025-09-20T17:25:21.639000+00:00","avg_buy_price":115818.3,"avg_sell_price":115818.2,"trade_count":10},{"timestamp":"2025-09-20T17:25:21.639000+00:00","avg_buy_price":115818.3,"avg_sell_price":115818.2,"trade_count":10},{"timestamp":"2025-09-20T17:25:21.449000+00:00","avg_buy_price":115818.3,"avg_sell_price":115818.2,"trade_count":10},{"timestamp":"2025-09-20T17:25:21.121000+00:00","avg_buy_price":115818.3,"avg_sell_price":115818.2,"trade_count":10},{"timestamp":"2025-09-20T17:25:21.121000+00:00","avg_buy_price":115818.3,"avg_sell_price":115818.2,"trade_count":10},{"timestamp":"2025-09-20T17:25:20.093000+00:00","avg_buy_price":115818.3,"avg_sell_price":115818.2,"trade_count":10},{"timestamp":"2025-09-20T17:25:19.730000+00:00","avg_buy_price":115818.3,"avg_sell_price":115818.2,"trade_count":10},{"timestamp":"2025-09-20T17:25:19.575000+00:00","avg_buy_price":115818.3,"avg_sell_price":115818.2,"trade_count":10},{"timestamp":"2025-09-20T17:25:18.904000+00:00","avg_buy_price":115818.3,"avg_sell_price":115818.2,"trade_count":10},{"timestamp":"2025-09-20T17:25:18.772000+00:00","avg_buy_price":115818.3,"avg_sell_price":115818.2,"trade_count":10},{"timestamp":"2025-09-20T17:25:17.781000+00:00","avg_buy_price":115818.3,"avg_sell_price":115818.2,"trade_count":10},{"timestamp":"2025-09-20T17:25:12.942000+00:00","avg_buy_price":115818.3,"avg_sell_price":115818.2,"trade_count":10},{"timestamp":"2025-09-20T17:25:12.942000+00:00","avg_buy_price":115818.3,"avg_sell_price":115818.2,"trade_count":10},{"timestamp":"2025-09-20T17:25:12.881000+00:00","avg_buy_price":115818.3,"avg_sell_price":115818.2,"trade_count":10},{"timestamp":"2025-09-20T17:25:12.542000+00:00","avg_buy_price":115818.3,"avg_sell_price":115818.2,"trade_count":10},{"timestamp":"2025-09-20T17:24:58.539000+00:00","avg_buy_price":115818.3,"avg_sell_price":115818.2,"trade_count":10},{"timestamp":"2025-09-20T17:24:58.539000+00:00","avg_buy_price":115818.3,"avg_sell_price":115818.2,"trade_count":10},{"timestamp":"2025-09-20T17:24:30.408000+00:00","avg_buy_price":115818.3,"avg_sell_price":115818.2,"trade_count":10},{"timestamp":"2025-09-20T17:24:30.408000+00:00","avg_buy_price":115818.3,"avg_sell_price":115818.2,"trade_count":10},{"timestamp":"2025-09-20T17:24:30.408000+00:00","avg_buy_price":115818.3,"avg_sell_price":115818.2,"trade_count":10},{"timestamp":"2025-09-20T17:24:30.233000+00:00","avg_buy_price":115818.3,"avg_sell_price":115818.2,"trade_count":10},{"timestamp":"2025-09-20T17:24:29.910000+00:00","avg_buy_price":115818.3,"avg_sell_price":115818.2,"trade_count":10},{"timestamp":"2025-09-20T17:24:29.755000+00:00","avg_buy_price":115818.3,"avg_sell_price":115818.2,"trade_count":10},{"timestamp":"2025-09-20T17:24:26.345000+00:00","avg_buy_price":115818.3,"avg_sell_price":115818.2,"trade_count":10},{"timestamp":"2025-09-20T17:24:25.395000+00:00","avg_buy_price":115818.3,"avg_sell_price":115818.2,"trade_count":10},{"timestamp":"2025-09-20T17:24:24.401000+00:00","avg_buy_price":115818.3,"avg_sell_price":115818.2,"trade_count":10},{"timestamp":"2025-09-20T17:24:23.003000+00:00","avg_buy_price":115818.3,"avg_sell_price":115818.2,"trade_count":10},{"timestamp":"2025-09-20T17:24:22.048000+00:00","avg_buy_price":115818.3,"avg_sell_price":115818.2,"trade_count":10},{"timestamp":"2025-09-20T17:24:20.281000+00:00","avg_buy_price":115818.3,"avg_sell_price":115818.2,"trade_count":10},{"timestamp":"2025-09-20T17:24:20.129000+00:00","avg_buy_price":115818.3,"avg_sell_price":115818.2,"trade_count":10},{"timestamp":"2025-09-20T17:24:19.807000+00:00","avg_buy_price":115818.3,"avg_sell_price":115818.2,"trade_count":10},{"timestamp":"2025-09-20T17:24:19.807000+00:00","avg_buy_price":115818.3,"avg_sell_price":115818.2,"trade_count":10},{"timestamp":"2025-09-20T17:24:18.375000+00:00","avg_buy_price":115818.3,"avg_sell_price":115818.2,"trade_count":10},{"timestamp":"2025-09-20T17:24:17.289000+00:00","avg_buy_price":115818.3,"avg_sell_price":115818.2,"trade_count":10},{"timestamp":"2025-09-20T17:24:17.218000+00:00","avg_buy_price":115818.3,"avg_sell_price":115818.2,"trade_count":10},{"timestamp":"2025-09-20T17:24:16.214000+00:00","avg_buy_price":115818.3,"avg_sell_price":115818.2,"trade_count":10},{"timestamp":"2025-09-20T17:24:15.738000+00:00","avg_buy_price":115818.3,"avg_sell_price":115818.2,"trade_count":10},{"timestamp":"2025-09-20T17:24:15.632000+00:00","avg_buy_price":115818.3,"avg_sell_price":115818.2,"trade_count":10},{"timestamp":"2025-09-20T17:24:14.423000+00:00","avg_buy_price":115818.3,"avg_sell_price":115818.2,"trade_count":10},{"timestamp":"2025-09-20T17:24:14.205000+00:00","avg_buy_price":115818.3,"avg_sell_price":115818.2,"trade_count":10},{"timestamp":"2025-09-20T17:24:13.843000+00:00","avg_buy_price":115818.3,"avg_sell_price":115818.2,"trade_count":10},{"timestamp":"2025-09-20T17:24:13.635000+00:00","avg_buy_price":115818.3,"avg_sell_price":115818.2,"trade_count":10},{"timestamp":"2025-09-20T17:24:10.003000+00:00","avg_buy_price":115818.3,"avg_sell_price":115818.2,"trade_count":10},{"timestamp":"2025-09-20T17:24:10.003000+00:00","avg_buy_price":115818.3,"avg_sell_price":115818.2,"trade_count":10},{"timestamp":"2025-09-20T17:24:10.003000+00:00","avg_buy_price":115818.3,"avg_sell_price":115818.2,"trade_count":10},{"timestamp":"2025-09-20T17:24:10.003000+00:00","avg_buy_price":115818.3,"avg_sell_price":115818.2,"trade_count":10},{"timestamp":"2025-09-20T17:24:04.199000+00:00","avg_buy_price":115818.3,"avg_sell_price":115818.2,"trade_count":10},{"timestamp":"2025-09-20T17:24:04.192000+00:00","avg_buy_price":115818.3,"avg_sell_price":115818.2,"trade_count":10},{"timestamp":"2025-09-20T17:24:04.105000+00:00","avg_buy_price":115818.3,"avg_sell_price":115818.2,"trade_count":10},{"timestamp":"2025-09-20T17:24:04.105000+00:00","avg_buy_price":115818.3,"avg_sell_price":115818.2,"trade_count":10},{"timestamp":"2025-09-20T17:24:04.105000+00:00","avg_buy_price":115818.3,"avg_sell_price":115818.2,"trade_count":10},{"timestamp":"2025-09-20T17:24:04.105000+00:00","avg_buy_price":115818.3,"avg_sell_price":115818.2,"trade_count":10},{"timestamp":"2025-09-20T17:24:03.744000+00:00","avg_buy_price":115818.3,"avg_sell_price":115818.2,"trade_count":10},{"timestamp":"2025-09-20T17:23:58.927000+00:00","avg_buy_price":115818.3,"avg_sell_price":115818.2,"trade_count":10},{"timestamp":"2025-09-20T17:23:58.927000+00:00","avg_buy_price":115818.3,"avg_sell_price":115818.2,"trade_count":10},{"timestamp":"2025-09-20T17:23:58.417000+00:00","avg_buy_price":115818.3,"avg_sell_price":115818.2,"trade_count":10},{"timestamp":"2025-09-20T17:23:58.417000+00:00","avg_buy_price":115818.3,"avg_sell_price":115818.2,"trade_count":10},{"timestamp":"2025-09-20T17:23:56.062000+00:00","avg_buy_price":115818.3,"avg_sell_price":115818.2,"trade_count":10},{"timestamp":"2025-09-20T17:23:56.062000+00:00","avg_buy_price":115818.3,"avg_sell_price":115818.2,"trade_count":10},{"timestamp":"2025-09-20T17:23:55.747000+00:00","avg_buy_price":115818.3,"avg_sell_price":115818.2,"trade_count":10},{"timestamp":"2025-09-20T17:23:55.747000+00:00","avg_buy_price":115818.3,"avg_sell_price":115818.2,"trade_count":10},{"timestamp":"2025-09-20T17:23:55.604000+00:00","avg_buy_price":115818.3,"avg_sell_price":115818.2,"trade_count":10},{"timestamp":"2025-09-20T17:23:55.604000+00:00","avg_buy_price":115818.3,"avg_sell_price":115818.2,"trade_count":10},{"timestamp":"2025-09-20T17:23:55.491000+00:00","avg_buy_price":115818.3,"avg_sell_price":115818.2,"trade_count":10},{"timestamp":"2025-09-20T17:23:55.491000+00:00","avg_buy_price":115818.3,"avg_sell_price":115818.2,"trade_count":10},{"timestamp":"2025-09-20T17:23:55.457000+00:00","avg_buy_price":115818.3,"avg_sell_price":115818.2,"trade_count":10},{"timestamp":"2025-09-20T17:23:55.457000+00:00","avg_buy_price":115818.3,"avg_sell_price":115818.2,"trade_count":10},{"timestamp":"2025-09-20T17:23:54.571000+00:00","avg_buy_price":115818.3,"avg_sell_price":115818.2,"trade_count":10},{"timestamp":"2025-09-20T17:23:54.571000+00:00","avg_buy_price":115818.3,"avg_sell_price":115818.2,"trade_count":10},{"timestamp":"2025-09-20T17:23:54.367000+00:00","avg_buy_price":115818.3,"avg_sell_price":115818.2,"trade_count":10},{"timestamp":"2025-09-20T17:23:54.367000+00:00","avg_buy_price":115818.3,"avg_sell_price":115818.2,"trade_count":10},{"timestamp":"2025-09-20T17:23:51.796000+00:00","avg_buy_price":115818.3,"avg_sell_price":115818.2,"trade_count":10},{"timestamp":"2025-09-20T17:23:51.796000+00:00","avg_buy_price":115818.3,"avg_sell_price":115818.2,"trade_count":10},{"timestamp":"2025-09-20T17:23:51.551000+00:00","avg_buy_price":115818.3,"avg_sell_price":115818.2,"trade_count":10},{"timestamp":"2025-09-20T17:23:43.582000+00:00","avg_buy_price":115818.3,"avg_sell_price":115818.2,"trade_count":10},{"timestamp":"2025-09-20T17:23:42.483000+00:00","avg_buy_price":115818.3,"avg_sell_price":115818.2,"trade_count":10},{"timestamp":"2025-09-20T17:23:42.483000+00:00","avg_buy_price":115818.3,"avg_sell_price":115818.2,"trade_count":10},{"timestamp":"2025-09-20T17:23:42.178000+00:00","avg_buy_price":115818.3,"avg_sell_price":115818.2,"trade_count":10},{"timestamp":"2025-09-20T17:23:42.178000+00:00","avg_buy_price":115818.3,"avg_sell_price":115818.2,"trade_count":10},{"timestamp":"2025-09-20T17:23:41.827000+00:00","avg_buy_price":115818.3,"avg_sell_price":115818.2,"trade_count":10},{"timestamp":"2025-09-20T17:23:41.534000+00:00","avg_buy_price":115818.3,"avg_sell_price":115818.2,"trade_count":10},{"timestamp":"2025-09-20T17:23:41.392000+00:00","avg_buy_price":115818.3,"avg_sell_price":115818.2,"trade_count":10},{"timestamp":"2025-09-20T17:23:41.169000+00:00","avg_buy_price":115818.3,"avg_sell_price":115818.2,"trade_count":10},{"timestamp":"2025-09-20T17:23:40.705000+00:00","avg_buy_price":115818.3,"avg_sell_price":115818.2,"trade_count":10},{"timestamp":"2025-09-20T17:23:40.637000+00:00","avg_buy_price":115818.3,"avg_sell_price":115818.2,"trade_count":10},{"timestamp":"2025-09-20T17:23:40.537000+00:00","avg_buy_price":115818.3,"avg_sell_price":115818.2,"trade_count":10},{"timestamp":"2025-09-20T17:23:40.458000+00:00","avg_buy_price":115818.3,"avg_sell_price":115818.2,"trade_count":10},{"timestamp":"2025-09-20T17:23:39.457000+00:00","avg_buy_price":115818.3,"avg_sell_price":115818.2,"trade_count":10},{"timestamp":"2025-09-20T17:23:38.767000+00:00","avg_buy_price":115818.3,"avg_sell_price":115818.2,"trade_count":10},{"timestamp":"2025-09-20T17:23:38.699000+00:00","avg_buy_price":115818.3,"avg_sell_price":115818.2,"trade_count":10},{"timestamp":"2025-09-20T17:23:38.635000+00:00","avg_buy_price":115818.3,"avg_sell_price":115818.2,"trade_count":10},{"timestamp":"2025-09-20T17:23:38.409000+00:00","avg_buy_price":115818.3,"avg_sell_price":115818.2,"trade_count":10},{"timestamp":"2025-09-20T17:23:31.639000+00:00","avg_buy_price":115818.3,"avg_sell_price":115818.2,"trade_count":10},{"timestamp":"2025-09-20T17:23:31.639000+00:00","avg_buy_price":115818.3,"avg_sell_price":115818.2,"trade_count":10},{"timestamp":"2025-09-20T17:23:31.442000+00:00","avg_buy_price":115818.3,"avg_sell_price":115818.2,"trade_count":10},{"timestamp":"2025-09-20T17:23:31.442000+00:00","avg_buy_price":115818.3,"avg_sell_price":115818.2,"trade_count":10},{"timestamp":"2025-09-20T17:23:31.354000+00:00","avg_buy_price":115818.3,"avg_sell_price":115818.2,"trade_count":10},{"timestamp":"2025-09-20T17:23:28.980000+00:00","avg_buy_price":115818.3,"avg_sell_price":115818.2,"trade_count":10},{"timestamp":"2025-09-20T17:23:28.980000+00:00","avg_buy_price":115818.3,"avg_sell_price":115818.2,"trade_count":10},{"timestamp":"2025-09-20T17:23:28.397000+00:00","avg_buy_price":115818.3,"avg_sell_price":115818.2,"trade_count":10},{"timestamp":"2025-09-20T17:23:28.397000+00:00","avg_buy_price":115818.3,"avg_sell_price":115818.2,"trade_count":10},{"timestamp":"2025-09-20T17:23:28.396000+00:00","avg_buy_price":115818.3,"avg_sell_price":115818.2,"trade_count":10},{"timestamp":"2025-09-20T17:23:28.396000+00:00","avg_buy_price":115818.3,"avg_sell_price":115818.2,"trade_count":10},{"timestamp":"2025-09-20T17:23:27.897000+00:00","avg_buy_price":115818.3,"avg_sell_price":115818.2,"trade_count":10},{"timestamp":"2025-09-20T17:23:27.897000+00:00","avg_buy_price":115818.3,"avg_sell_price":115818.2,"trade_count":10},{"timestamp":"2025-09-20T17:23:26.605000+00:00","avg_buy_price":115818.3,"avg_sell_price":115818.2,"trade_count":10},{"timestamp":"2025-09-20T17:23:21.429000+00:00","avg_buy_price":115818.3,"avg_sell_price":115818.2,"trade_count":10},{"timestamp":"2025-09-20T17:23:19.689000+00:00","avg_buy_price":115818.3,"avg_sell_price":115818.2,"trade_count":10},{"timestamp":"2025-09-20T17:23:19.689000+00:00","avg_buy_price":115818.3,"avg_sell_price":115818.2,"trade_count":10},{"timestamp":"2025-09-20T17:23:19.573000+00:00","avg_buy_price":115818.3,"avg_sell_price":115818.2,"trade_count":10},{"timestamp":"2025-09-20T17:23:19.573000+00:00","avg_buy_price":115818.3,"avg_sell_price":115818.2,"trade_count":10},{"timestamp":"2025-09-20T17:23:19.500000+00:00","avg_buy_price":115818.3,"avg_sell_price":115818.2,"trade_count":10},{"timestamp":"2025-09-20T17:23:18.748000+00:00","avg_buy_price":115816.13333333332,"avg_sell_price":115817.5,"trade_count":10},{"timestamp":"2025-09-20T17:23:18.748000+00:00","avg_buy_price":115816.31999999999,"avg_sell_price":115817.5,"trade_count":10},{"timestamp":"2025-09-20T17:23:18.748000+00:00","avg_buy_price":115816.54999999999,"avg_sell_price":115817.5,"trade_count":10},{"timestamp":"2025-09-20T17:22:50.331000+00:00","avg_buy_price":115817.6,"avg_sell_price":115817.5,"trade_count":10},{"timestamp":"2025-09-20T17:22:49.840000+00:00","avg_buy_price":115817.6,"avg_sell_price":115817.5,"trade_count":10},{"timestamp":"2025-09-20T17:22:41.086000+00:00","avg_buy_price":115819.4,"avg_sell_price":115819.3,"trade_count":10},{"timestamp":"2025-09-20T17:22:41.086000+00:00","avg_buy_price":115819.4,"avg_sell_price":115819.3,"trade_count":10},{"timestamp":"2025-09-20T17:22:41.086000+00:00","avg_buy_price":115819.4,"avg_sell_price":115819.3,"trade_count":10},{"timestamp":"2025-09-20T17:22:41.086000+00:00","avg_buy_price":115819.4,"avg_sell_price":115819.3,"trade_count":10},{"timestamp":"2025-09-20T17:22:41.086000+00:00","avg_buy_price":115819.4,"avg_sell_price":115819.3,"trade_count":10},{"timestamp":"2025-09-20T17:22:40.377000+00:00","avg_buy_price":115819.4,"avg_sell_price":115819.3,"trade_count":10},{"timestamp":"2025-09-20T17:22:39.983000+00:00","avg_buy_price":115819.4,"avg_sell_price":115819.3,"trade_count":10},{"timestamp":"2025-09-20T17:22:39.376000+00:00","avg_buy_price":115819.4,"avg_sell_price":115819.3,"trade_count":10},{"timestamp":"2025-09-20T17:22:32.800000+00:00","avg_buy_price":115819.4,"avg_sell_price":115819.3,"trade_count":10},{"timestamp":"2025-09-20T17:22:32.800000+00:00","avg_buy_price":115819.4,"avg_sell_price":115819.3,"trade_count":10},{"timestamp":"2025-09-20T17:22:32.800000+00:00","avg_buy_price":115819.4,"avg_sell_price":115819.3,"trade_count":10},{"timestamp":"2025-09-20T17:22:32.800000+00:00","avg_buy_price":115819.4,"avg_sell_price":115819.3,"trade_count":10},{"timestamp":"2025-09-20T17:22:32.687000+00:00","avg_buy_price":115819.40000000001,"avg_sell_price":115819.3,"trade_count":10},{"timestamp":"2025-09-20T17:22:32.289000+00:00","avg_buy_price":115819.40000000001,"avg_sell_price":115819.3,"trade_count":10},{"timestamp":"2025-09-20T17:22:31.658000+00:00","avg_buy_price":115819.40000000001,"avg_sell_price":115819.3,"trade_count":10},{"timestamp":"2025-09-20T17:22:31.658000+00:00","avg_buy_price":115819.40000000001,"avg_sell_price":115819.3,"trade_count":10},{"timestamp":"2025-09-20T17:22:31.604000+00:00","avg_buy_price":115819.40000000001,"avg_sell_price":115819.3,"trade_count":10},{"timestamp":"2025-09-20T17:22:31.604000+00:00","avg_buy_price":115819.4,"avg_sell_price":115819.3,"trade_count":10},{"timestamp":"2025-09-20T17:22:29.450000+00:00","avg_buy_price":115819.4,"avg_sell_price":115819.3,"trade_count":10},{"timestamp":"2025-09-20T17:22:29.450000+00:00","avg_buy_price":115819.4,"avg_sell_price":115819.3,"trade_count":10},{"timestamp":"2025-09-20T17:22:28.252000+00:00","avg_buy_price":115819.4,"avg_sell_price":115819.3,"trade_count":10},{"timestamp":"2025-09-20T17:22:28.252000+00:00","avg_buy_price":115819.4,"avg_sell_price":115819.3,"trade_count":10},{"timestamp":"2025-09-20T17:22:27.847000+00:00","avg_buy_price":115819.4,"avg_sell_price":115819.3,"trade_count":10},{"timestamp":"2025-09-20T17:22:27.847000+00:00","avg_buy_price":115819.4,"avg_sell_price":115819.3,"trade_count":10},{"timestamp":"2025-09-20T17:22:27.755000+00:00","avg_buy_price":115819.4,"avg_sell_price":115819.3,"trade_count":10},{"timestamp":"2025-09-20T17:22:27.755000+00:00","avg_buy_price":115819.4,"avg_sell_price":115819.3,"trade_count":10},{"timestamp":"2025-09-20T17:22:27.556000+00:00","avg_buy_price":115819.4,"avg_sell_price":115819.3,"trade_count":10},{"timestamp":"2025-09-20T17:22:27.556000+00:00","avg_buy_price":115819.4,"avg_sell_price":115819.3,"trade_count":10},{"timestamp":"2025-09-20T17:22:27.252000+00:00","avg_buy_price":115819.4,"avg_sell_price":115819.3,"trade_count":10},{"timestamp":"2025-09-20T17:22:27.252000+00:00","avg_buy_price":115819.4,"avg_sell_price":115819.3,"trade_count":10},{"timestamp":"2025-09-20T17:22:26.154000+00:00","avg_buy_price":115819.4,"avg_sell_price":115819.3,"trade_count":10},{"timestamp":"2025-09-20T17:22:23.078000+00:00","avg_buy_price":115819.4,"avg_sell_price":115819.3,"trade_count":10},{"timestamp":"2025-09-20T17:22:23.078000+00:00","avg_buy_price":115819.4,"avg_sell_price":115819.3,"trade_count":10},{"timestamp":"2025-09-20T17:22:22.617000+00:00","avg_buy_price":115819.4,"avg_sell_price":115819.3,"trade_count":10},{"timestamp":"2025-09-20T17:22:22.617000+00:00","avg_buy_price":115819.4,"avg_sell_price":115819.3,"trade_count":10},{"timestamp":"2025-09-20T17:22:22.253000+00:00","avg_buy_price":115819.4,"avg_sell_price":115819.3,"trade_count":10},{"timestamp":"2025-09-20T17:21:54.900000+00:00","avg_buy_price":115826.1,"avg_sell_price":115826.0,"trade_count":10},{"timestamp":"2025-09-20T17:21:54.762000+00:00","avg_buy_price":115826.1,"avg_sell_price":115826.0,"trade_count":10},{"timestamp":"2025-09-20T17:21:54.615000+00:00","avg_buy_price":115826.1,"avg_sell_price":115826.0,"trade_count":10},{"timestamp":"2025-09-20T17:21:54.432000+00:00","avg_buy_price":115826.09999999999,"avg_sell_price":115826.0,"trade_count":10},{"timestamp":"2025-09-20T17:21:54.251000+00:00","avg_buy_price":115826.09999999999,"avg_sell_price":115826.0,"trade_count":10},{"timestamp":"2025-09-20T17:21:54.022000+00:00","avg_buy_price":115826.09999999999,"avg_sell_price":115826.0,"trade_count":10},{"timestamp":"2025-09-20T17:21:53.586000+00:00","avg_buy_price":115826.1,"avg_sell_price":115826.0,"trade_count":10},{"timestamp":"2025-09-20T17:21:52.157000+00:00","avg_buy_price":115826.1,"avg_sell_price":115826.0,"trade_count":10},{"timestamp":"2025-09-20T17:21:52.112000+00:00","avg_buy_price":115826.1,"avg_sell_price":115826.0,"trade_count":10},{"timestamp":"2025-09-20T17:21:52.011000+00:00","avg_buy_price":115826.1,"avg_sell_price":115826.0,"trade_count":10},{"timestamp":"2025-09-20T17:21:49.407000+00:00","avg_buy_price":115826.1,"avg_sell_price":115826.0,"trade_count":10},{"timestamp":"2025-09-20T17:21:46.424000+00:00","avg_buy_price":115826.1,"avg_sell_price":115826.0,"trade_count":10},{"timestamp":"2025-09-20T17:21:45.750000+00:00","avg_buy_price":115826.1,"avg_sell_price":115826.0,"trade_count":10},{"timestamp":"2025-09-20T17:21:44.541000+00:00","avg_buy_price":115826.1,"avg_sell_price":115826.0,"trade_count":10},{"timestamp":"2025-09-20T17:21:44.308000+00:00","avg_buy_price":115826.09999999999,"avg_sell_price":115826.0,"trade_count":10},{"timestamp":"2025-09-20T17:21:43.960000+00:00","avg_buy_price":115826.09999999999,"avg_sell_price":115826.0,"trade_count":10},{"timestamp":"2025-09-20T17:21:43.597000+00:00","avg_buy_price":115826.09999999999,"avg_sell_price":115826.0,"trade_count":10},{"timestamp":"2025-09-20T17:21:42.562000+00:00","avg_buy_price":115826.09999999999,"avg_sell_price":115826.0,"trade_count":10},{"timestamp":"2025-09-20T17:21:41.936000+00:00","avg_buy_price":115826.09999999999,"avg_sell_price":115826.0,"trade_count":10},{"timestamp":"2025-09-20T17:21:41.902000+00:00","avg_buy_price":115826.09999999999,"avg_sell_price":115826.0,"trade_count":10},{"timestamp":"2025-09-20T17:21:41.800000+00:00","avg_buy_price":115826.1,"avg_sell_price":115826.0,"trade_count":10},{"timestamp":"2025-09-20T17:21:41.464000+00:00","avg_buy_price":115826.1,"avg_sell_price":115826.0,"trade_count":10},{"timestamp":"2025-09-20T17:21:40.029000+00:00","avg_buy_price":115826.1,"avg_sell_price":115826.0,"trade_count":10},{"timestamp":"2025-09-20T17:21:39.822000+00:00","avg_buy_price":115826.1,"avg_sell_price":115826.0,"trade_count":10},{"timestamp":"2025-09-20T17:21:37.910000+00:00","avg_buy_price":115826.1,"avg_sell_price":115826.0,"trade_count":10},{"timestamp":"2025-09-20T17:21:36.803000+00:00","avg_buy_price":115826.1,"avg_sell_price":115826.0,"trade_count":10},{"timestamp":"2025-09-20T17:21:35.410000+00:00","avg_buy_price":115826.1,"avg_sell_price":115826.0,"trade_count":10},{"timestamp":"2025-09-20T17:21:35.268000+00:00","avg_buy_price":115826.1,"avg_sell_price":115826.0,"trade_count":10},{"timestamp":"2025-09-20T17:21:34.663000+00:00","avg_buy_price":115826.1,"avg_sell_price":115826.0,"trade_count":10},{"timestamp":"2025-09-20T17:21:33.259000+00:00","avg_buy_price":115826.1,"avg_sell_price":115826.0,"trade_count":10},{"timestamp":"2025-09-20T17:21:31.796000+00:00","avg_buy_price":115826.1,"avg_sell_price":115826.0,"trade_count":10},{"timestamp":"2025-09-20T17:21:31.796000+00:00","avg_buy_price":115826.1,"avg_sell_price":115826.0,"trade_count":10},{"timestamp":"2025-09-20T17:21:31.796000+00:00","avg_buy_price":115826.1,"avg_sell_price":115826.0,"trade_count":10},{"timestamp":"2025-09-20T17:21:31.796000+00:00","avg_buy_price":115826.1,"avg_sell_price":115826.0,"trade_count":10},{"timestamp":"2025-09-20T17:21:31.766000+00:00","avg_buy_price":115826.09999999999,"avg_sell_price":115826.0,"trade_count":10},{"timestamp":"2025-09-20T17:21:31.766000+00:00","avg_buy_price":115826.09999999999,"avg_sell_price":115826.0,"trade_count":10},{"timestamp":"2025-09-20T17:21:31.599000+00:00","avg_buy_price":115826.09999999999,"avg_sell_price":115826.0,"trade_count":10},{"timestamp":"2025-09-20T17:21:31.599000+00:00","avg_buy_price":115826.09999999999,"avg_sell_price":115826.0,"trade_count":10},{"timestamp":"2025-09-20T17:21:31.354000+00:00","avg_buy_price":115826.09999999999,"avg_sell_price":115826.0,"trade_count":10},{"timestamp":"2025-09-20T17:21:31.354000+00:00","avg_buy_price":115826.1,"avg_sell_price":115826.0,"trade_count":10},{"timestamp":"2025-09-20T17:21:29.430000+00:00","avg_buy_price":115826.1,"avg_sell_price":115826.0,"trade_count":10},{"timestamp":"2025-09-20T17:21:29.430000+00:00","avg_buy_price":115826.1,"avg_sell_price":115826.0,"trade_count":10},{"timestamp":"2025-09-20T17:21:29.367000+00:00","avg_buy_price":115826.1,"avg_sell_price":115826.0,"trade_count":10},{"timestamp":"2025-09-20T17:21:25.414000+00:00","avg_buy_price":115826.1,"avg_sell_price":115826.0,"trade_count":10},{"timestamp":"2025-09-20T17:21:25.414000+00:00","avg_buy_price":115826.1,"avg_sell_price":115826.0,"trade_count":10},{"timestamp":"2025-09-20T17:21:25.414000+00:00","avg_buy_price":115826.1,"avg_sell_price":115826.0,"trade_count":10},{"timestamp":"2025-09-20T17:21:25.414000+00:00","avg_buy_price":115826.1,"avg_sell_price":115826.0,"trade_count":10},{"timestamp":"2025-09-20T17:21:25.414000+00:00","avg_buy_price":115826.1,"avg_sell_price":115826.0,"trade_count":10},{"timestamp":"2025-09-20T17:21:25.414000+00:00","avg_buy_price":115826.1,"avg_sell_price":115826.0,"trade_count":10},{"timestamp":"2025-09-20T17:21:24.940000+00:00","avg_buy_price":115826.1,"avg_sell_price":115826.0,"trade_count":10},{"timestamp":"2025-09-20T17:21:16.372000+00:00","avg_buy_price":115826.1,"avg_sell_price":115826.0,"trade_count":10},{"timestamp":"2025-09-20T17:21:16.196000+00:00","avg_buy_price":115826.1,"avg_sell_price":115826.0,"trade_count":10},{"timestamp":"2025-09-20T17:21:16.130000+00:00","avg_buy_price":115826.1,"avg_sell_price":115826.0,"trade_count":10},{"timestamp":"2025-09-20T17:21:16.039000+00:00","avg_buy_price":115826.1,"avg_sell_price":115826.0,"trade_count":10},{"timestamp":"2025-09-20T17:21:15.555000+00:00","avg_buy_price":115826.1,"avg_sell_price":115826.0,"trade_count":10},{"timestamp":"2025-09-20T17:21:15.219000+00:00","avg_buy_price":115826.1,"avg_sell_price":115826.0,"trade_count":10},{"timestamp":"2025-09-20T17:21:15.174000+00:00","avg_buy_price":115826.1,"avg_sell_price":115826.0,"trade_count":10},{"timestamp":"2025-09-20T17:21:14.973000+00:00","avg_buy_price":115826.1,"avg_sell_price":115826.0,"trade_count":10},{"timestamp":"2025-09-20T17:21:14.358000+00:00","avg_buy_price":115826.1,"avg_sell_price":115826.0,"trade_count":10},{"timestamp":"2025-09-20T17:21:14.309000+00:00","avg_buy_price":115826.1,"avg_sell_price":115826.0,"trade_count":10},{"timestamp":"2025-09-20T17:21:01.612000+00:00","avg_buy_price":115826.2,"avg_sell_price":115826.09999999999,"trade_count":10},{"timestamp":"2025-09-20T17:21:01.285000+00:00","avg_buy_price":115826.2,"avg_sell_price":115826.09999999999,"trade_count":10},{"timestamp":"2025-09-20T17:21:01.284000+00:00","avg_buy_price":115826.2,"avg_sell_price":115826.09999999999,"trade_count":10},{"timestamp":"2025-09-20T17:21:01.275000+00:00","avg_buy_price":115826.2,"avg_sell_price":115826.09999999999,"trade_count":10},{"timestamp":"2025-09-20T17:21:01.254000+00:00","avg_buy_price":115826.2,"avg_sell_price":115826.09999999999,"trade_count":10},{"timestamp":"2025-09-20T17:21:00.745000+00:00","avg_buy_price":115826.2,"avg_sell_price":115826.09999999999,"trade_count":10},{"timestamp":"2025-09-20T17:21:00.713000+00:00","avg_buy_price":115826.2,"avg_sell_price":115826.09999999999,"trade_count":10},{"timestamp":"2025-09-20T17:20:59.249000+00:00","avg_buy_price":115826.2,"avg_sell_price":115826.09999999999,"trade_count":10},{"timestamp":"2025-09-20T17:20:48.387000+00:00","avg_buy_price":115836.8,"avg_sell_price":115834.93333333333,"trade_count":10},{"timestamp":"2025-09-20T17:20:31.071000+00:00","avg_buy_price":115836.8,"avg_sell_price":115836.7,"trade_count":10},{"timestamp":"2025-09-20T17:20:30.959000+00:00","avg_buy_price":115836.8,"avg_sell_price":115836.7,"trade_count":10},{"timestamp":"2025-09-20T17:20:30.249000+00:00","avg_buy_price":115836.8,"avg_sell_price":115836.7,"trade_count":10},{"timestamp":"2025-09-20T17:20:30.217000+00:00","avg_buy_price":115836.8,"avg_sell_price":115836.7,"trade_count":10},{"timestamp":"2025-09-20T17:20:29.769000+00:00","avg_buy_price":115836.8,"avg_sell_price":115836.7,"trade_count":10},{"timestamp":"2025-09-20T17:20:27.374000+00:00","avg_buy_price":115836.8,"avg_sell_price":115836.7,"trade_count":10},{"timestamp":"2025-09-20T17:20:26.756000+00:00","avg_buy_price":115836.8,"avg_sell_price":115836.7,"trade_count":10},{"timestamp":"2025-09-20T17:20:26.695000+00:00","avg_buy_price":115836.8,"avg_sell_price":115836.7,"trade_count":10},{"timestamp":"2025-09-20T17:20:25.429000+00:00","avg_buy_price":115836.8,"avg_sell_price":115836.7,"trade_count":10},{"timestamp":"2025-09-20T17:20:25.394000+00:00","avg_buy_price":115836.8,"avg_sell_price":115836.7,"trade_count":10},{"timestamp":"2025-09-20T17:20:25.240000+00:00","avg_buy_price":115836.8,"avg_sell_price":115836.7,"trade_count":10},{"timestamp":"2025-09-20T17:20:25.205000+00:00","avg_buy_price":115836.8,"avg_sell_price":115836.7,"trade_count":10},{"timestamp":"2025-09-20T17:20:23.712000+00:00","avg_buy_price":115836.8,"avg_sell_price":115836.7,"trade_count":10},{"timestamp":"2025-09-20T17:20:20.442000+00:00","avg_buy_price":115836.8,"avg_sell_price":115836.7,"trade_count":10},{"timestamp":"2025-09-20T17:20:20.442000+00:00","avg_buy_price":115836.8,"avg_sell_price":115836.7,"trade_count":10},{"timestamp":"2025-09-20T17:20:20.442000+00:00","avg_buy_price":115836.8,"avg_sell_price":115836.7,"trade_count":10},{"timestamp":"2025-09-20T17:20:20.442000+00:00","avg_buy_price":115836.8,"avg_sell_price":115836.7,"trade_count":10},{"timestamp":"2025-09-20T17:20:20.442000+00:00","avg_buy_price":115836.8,"avg_sell_price":115836.7,"trade_count":10},{"timestamp":"2025-09-20T17:20:20.442000+00:00","avg_buy_price":115836.8,"avg_sell_price":115836.7,"trade_count":10},{"timestamp":"2025-09-20T17:20:20.291000+00:00","avg_buy_price":115836.8,"avg_sell_price":115836.7,"trade_count":10},{"timestamp":"2025-09-20T17:20:19.846000+00:00","avg_buy_price":115836.8,"avg_sell_price":115836.7,"trade_count":10},{"timestamp":"2025-09-20T17:20:01.142000+00:00","avg_buy_price":115851.4,"avg_sell_price":115851.3,"trade_count":10},{"timestamp":"2025-09-20T17:20:01.142000+00:00","avg_buy_price":115851.4,"avg_sell_price":115851.3,"trade_count":10},{"timestamp":"2025-09-20T17:20:01.142000+00:00","avg_buy_price":115851.40000000001,"avg_sell_price":115851.3,"trade_count":10},{"timestamp":"2025-09-20T17:19:18.291000+00:00","avg_buy_price":115851.40000000001,"avg_sell_price":115851.3,"trade_count":10},{"timestamp":"2025-09-20T17:19:18.272000+00:00","avg_buy_price":115851.40000000001,"avg_sell_price":115851.3,"trade_count":10},{"timestamp":"2025-09-20T17:19:17.958000+00:00","avg_buy_price":115851.40000000001,"avg_sell_price":115851.3,"trade_count":10},{"timestamp":"2025-09-20T17:18:50.404000+00:00","avg_buy_price":115831.5,"avg_sell_price":115831.4,"trade_count":10},{"timestamp":"2025-09-20T17:18:50.219000+00:00","avg_buy_price":115831.5,"avg_sell_price":115831.4,"trade_count":10},{"timestamp":"2025-09-20T17:18:50.108000+00:00","avg_buy_price":115831.5,"avg_sell_price":115831.4,"trade_count":10},{"timestamp":"2025-09-20T17:18:46.502000+00:00","avg_buy_price":115831.5,"avg_sell_price":115831.4,"trade_count":10},{"timestamp":"2025-09-20T17:18:46.375000+00:00","avg_buy_price":115831.5,"avg_sell_price":115831.4,"trade_count":10},{"timestamp":"2025-09-20T17:17:09.026000+00:00","avg_buy_price":115800.0,"avg_sell_price":115799.9,"trade_count":10},{"timestamp":"2025-09-20T17:17:09.026000+00:00","avg_buy_price":115800.0,"avg_sell_price":115799.9,"trade_count":10},{"timestamp":"2025-09-20T17:17:09.026000+00:00","avg_buy_price":115800.0,"avg_sell_price":115799.9,"trade_count":10},{"timestamp":"2025-09-20T17:17:08.990000+00:00","avg_buy_price":115800.0,"avg_sell_price":115799.9,"trade_count":10},{"timestamp":"2025-09-20T17:17:08.787000+00:00","avg_buy_price":115800.0,"avg_sell_price":115799.9,"trade_count":10},{"timestamp":"2025-09-20T17:17:08.489000+00:00","avg_buy_price":115800.0,"avg_sell_price":115799.90000000001,"trade_count":10},{"timestamp":"2025-09-20T17:17:08.408000+00:00","avg_buy_price":115800.0,"avg_sell_price":115799.90000000001,"trade_count":10},{"timestamp":"2025-09-20T17:17:08.405000+00:00","avg_buy_price":115799.175,"avg_sell_price":115799.90000000001,"trade_count":10},{"timestamp":"2025-09-20T17:17:08.405000+00:00","avg_buy_price":115798.68000000001,"avg_sell_price":115799.9,"trade_count":10},{"timestamp":"2025-09-20T17:17:08.405000+00:00","avg_buy_price":115798.34999999999,"avg_sell_price":115799.9,"trade_count":10},{"timestamp":"2025-09-20T17:16:36.814000+00:00","avg_buy_price":115766.5,"avg_sell_price":115766.4,"trade_count":10},{"timestamp":"2025-09-20T17:16:36.814000+00:00","avg_buy_price":115766.5,"avg_sell_price":115766.4,"trade_count":10},{"timestamp":"2025-09-20T17:16:36.654000+00:00","avg_buy_price":115766.5,"avg_sell_price":115766.4,"trade_count":10},{"timestamp":"2025-09-20T17:16:36.538000+00:00","avg_buy_price":115766.5,"avg_sell_price":115766.4,"trade_count":10},{"timestamp":"2025-09-20T17:16:36.418000+00:00","avg_buy_price":115766.5,"avg_sell_price":115766.40000000001,"trade_count":10},{"timestamp":"2025-09-20T17:16:36.365000+00:00","avg_buy_price":115766.5,"avg_sell_price":115766.4,"trade_count":10},{"timestamp":"2025-09-20T17:16:36.185000+00:00","avg_buy_price":115766.5,"avg_sell_price":115766.4,"trade_count":10},{"timestamp":"2025-09-20T17:16:32.675000+00:00","avg_buy_price":115766.5,"avg_sell_price":115766.4,"trade_count":10},{"timestamp":"2025-09-20T17:16:32.470000+00:00","avg_buy_price":115766.48333333334,"avg_sell_price":115766.4,"trade_count":10}